4276 5670
64 479 67 486 1
177 432 189 470 a
279 393 347 467 118
840 384 1322 495 mesmes
1401 395 1404 397 *
1494 380 1500 392 ’

246 610 254 618 1-
373 563 465 639 Dens
489 559 682 659 miserentur,
705 559 903 656 antiphone
927 561 1066 658 prefate
1091 556 1329 663 sulbjungitur,
1347 588 1433 664 que
1455 564 1494 642 dc
1512 585 1576 660 per
1598 563 1751 660 singulos
1779 557 1900 648 versus

277 681 442 779 ejusdem
470 681 593 779 psalmi
614 680 796 778 repetitur.
849 681 897 754 Et
912 682 1031 776 possea
1054 681 1134 776 psal.
1160 682 1267 756 Beati
1285 688 1473 760 immediati
1481 740 1490 770 ‚
1514 683 1552 759 in
1575 708 1648 781 quo
1669 684 1800 781 iterum
1823 689 1901 784 poli
1913 705 1921 732 ³

178 837 181 846 ·
274 803 456 899 curvastis
478 801 606 876 eadem
626 799 834 897 antiphona
844 798 1070 896 subsequitur.
1116 801 1214 895 Cum
1237 802 1369 876 adhoc
1390 803 1719 881 ventumsueritvt
1737 809 1776 878 ad
1790 828 1902 880 mmor

273 939 440 1018 pauperum
469 943 563 1016 aqua
591 917 827 1003 ministretur,
866 932 954 994 tunc
977 918 1015 994 dc
1045 918 1113 991 alie
1141 918 1340 1014 antiphone
1360 921 1406 996 ad
1434 921 1648 997 mandatum
1676 923 1901 1018 pertinentes

275 1050 471 1114 cantantur
495 1041 630 1135 absque
658 1037 718 1111 illa
752 1037 960 1135 antiphona.
1023 1034 1111 1111 Ante
1133 1026 1349 1130 diem-fesium
1371 1034 1500 1149 pescle,
1537 1050 1748 1135 percantato
1774 1051 1899 1120 tamen

278 1159 375 1256 prius
404 1157 430 1231 sr
457 1155 544 1254 quid
570 1167 735 1231 remanet
759 1159 806 1231 de
839 1159 922 1231 olto
944 1155 1099 1231 versibus
1130 1156 1192 1253 qui
1222 1168 1310 1232 tunc
1344 1157 1381 1232 in
1404 1178 1467 1233 ore
1488 1158 1557 1245 est,
1598 1181 1682 1238 cum
1705 1164 1795 1239 Ant.
1826 1163 1901 1238 Dr·

131 1377 133 1381 ⁷
224 1352 229 1375 ,
278 1285 380 1355 minus
403 1271 509 1376 Jefirs.
560 1272 635 1385 Sed
657 1297 732 1349 non
754 1274 838 1351 ideo
865 1275 1029 1353 differtur
1049 1296 1226 1352 manuum
1251 1276 1432 1353 lauaem.-

375 1515 415 1591 ln
442 1537 619 1592 manuum
639 1514 828 1591 lauacione
851 1502 926 1591 ¹hoc
955 1513 1160 1594 obseruatus
1180 1515 1278 1613 quod
1307 1514 1553 1613 unusquisque
1572 1537 1682 1592 cruror
1703 1517 1749 1612 *)
1772 1516 1810 1594 δι
1831 1540 1901 1602 mr,-

280 1642 453 1731 nutrrgium
478 1636 586 1710 abeo
612 1635 743 1732 accipit
769 1624 836 1732 qui
857 1649 941 1709 ante
967 1635 1002 1710 se
1027 1636 1147 1711 lauit.¹
1199 1633 1321 1708 Finita
1344 1633 1413 1708 hac
1442 1634 1630 1727 lauacione
1656 1637 1783 1710 domnus
1804 1633 1900 1712 Aua

255 1754 440 1858 xassumtis
472 1755 617 1852 aliquod
645 1758 693 1830 ad
730 1755 800 1828 hoc
826 1753 968 1829 idoneis
997 1743 1166 1830 fratribus
1203 1754 1354 1827 exhibet
1390 1755 1508 1829 eciam
1553 1752 1699 1830 lauandi
1737 1756 1899 1833 officium

168 1906 174 1917 ·
272 1872 479 1976 so'mr’lr‘rrr'um
496 1879 690 1972 pauperibus.
741 1873 825 1949 Hoc
850 1897 993 1972 quoque
1019 1874 1215 1955 ministerio
1242 1884 1421 1968 cantuque
1446 1873 1550 1947 finito
1577 1876 1681 1948 tulela
1712 1897 1734 1948 a
1758 1876 1898 1950 domno

280 1994 423 2071 Abbate
448 1993 495 2067 ad
518 1991 637 2068 locum
663 1993 931 2070 suumsreuerlo
956 1993 1063 2068 semel
1090 1992 1306 2089 perentitur,
1331 1995 1369 2071 dr
1397 1997 1559 2067 omniun
1574 1995 1668 2090 strper
1696 2001 1803 2068 olnam
1824 2007 1901 2089 prce

276 2117 441 2211 pirensem
471 2111 531 2187 sub
558 2111 696 2186 silentio
726 2114 849 2199 datur,
887 2134 973 2188 cum
1003 2111 1220 2212 quoveciam
1251 2111 1311 2185 illo
1343 2111 1539 2208 incipiente
1565 2111 1710 2206 fingulis
1735 2112 1900 2210 pauperi-

264 2237 387 2310 ¹busa
413 2229 744 2326 lingulis-fratribus
774 2234 831 2306 duo
858 2235 976 2307 denam·
1003 2255 1095 2329 quos
1131 2232 1271 2304 dudum
1299 2242 1531 2328 acceperunt,
1580 2255 1627 2305 ex
1651 2253 1723 2307 vna
1743 2245 1847 2328 parte
1863 2255 1899 2308 -a

126 2388 128 2393 ·
282 2355 462 2427 Krmercrio
489 2353 527 2428 dc
549 2374 596 2424 ex
624 2350 738 2426 altera
763 2353 807 2426 ab
835 2349 915 2444 ejus
948 2350 1041 2426 socio
1058 2373 1126 2446 per
1154 2371 1286 2424 manus
1311 2349 1468 2424 osculum
1501 2349 1723 2436 tribuuntur,
1763 2350 1816 2424 ita
1843 2363 1901 2426 ta·

136 2474 152 2529 s
280 2495 365 2550 men
392 2482 434 2547 st
454 2468 575 2543 nullus
601 2494 757 2545 nutrtmum
776 2471 834 2567 suo
850 2477 977 2568 paupers
1006 2469 1164 2554 tribuat,
1198 2467 1407 2564 priusquam
1439 2469 1580 2542 Priorem
1607 2469 1741 2544 uediffe·
1764 2470 1900 2549 videat.

281 2590 511 2668 Posteavero
526 2589 734 2694 fnnisiarr'um
754 2591 1076 2686 perpetrassemus
1097 2610 1162 2683 per
1184 2588 1361 2684 quosdam
1381 2609 1507 2662 eorum
1538 2603 1748 2682 erogantur,
1773 2612 1794 2662 a
1819 2590 1900 2687 quiq

32 2726 41 2737 “
149 2685 193 2805 ”,
281 2709 411 2790 bus&
443 2718 536 2805 aqua
568 2707 631 2782 eis>
659 2699 948 2785 amministretur.
994 2709 1095 2791 -Quo
1112 2708 1257 2803 peralto
1287 2698 1424 2779 mribus
1451 2713 1606 2782 latinam
1643 2707 1820 2784 dicendus
1847 2709 1901 2786 est

281 2822 400 2910 uersus
426 2831 463 2906 dr
478 2827 598 2902 oracio
629 2819 652 2900 a
679 2830 815 2904 domno
846 2829 1065 2923 abbateque
1092 2830 1184 2903 &sn
1202 2831 1309 2898 cernis
1348 2827 1450 2898 dicbus
1470 2827 1509 2898 ad
1522 2829 1708 2900 mondoum
1731 2811 1908 2924 pauperum*

75 3021 79 3035 .,
219 2960 223 2971 ’
281 2957 342 3026 diri
361 2951 473 3039 silem:
500 2946 553 3022 ita
571 2959 694 3023 tamen
717 2948 854 3045 nepoffit
878 2951 989 3021 audiri.
1030 2945 1088 3019 'Et
1109 2947 1147 3019 in
1167 2945 1264 3017 bunc
1287 2942 1401 3019 eciam
1423 2946 1572 3019 modum
1593 2944 1726 3042 psalmo
1747 2945 1808 3024 L⁰.
1829 2949 1901 3043 im·

235 3119 239 3125 «
283 3067 393 3170 posito
409 3067 563 3141 redeunt
579 3067 624 3139 ad
647 3068 847 3152 ecclesiam,
863 3066 1005 3140 'iterum
1021 3066 1196 3161 prioribus
1210 3064 1504 3160 precedentibus,
1527 3064 1587 3160 qui
1605 3077 1727 3140 tamen
1743 3066 1902 3162 psalmus

247 3239 251 3254 κ
283 3192 356 3266 line
377 3185 477 3266 versu
499 3185 724 3272 &oracione
746 3184 879 3259 finitur.
926 3182 1075 3259 Interim
1101 3197 1223 3257 tamen
1245 3181 1334 3256 dum
1356 3175 1569 3257 mandatum
1592 3183 1716 3273 fiebat,
1742 3185 1901 3282 perculsa

168 3319 172 3329 '
234 3296 248 3404 ]
283 3309 333 3385 est
357 3305 480 3383 tabula
501 3303 614 3380 tantis
633 3302 791 3402 vicibus,
813 3302 960 3401 quantis
983 3302 1095 3379 solent
1109 3301 1156 3375 ad
1177 3301 1339 3396 vesperos
1359 3300 1496 3398 pulsari.
1547 3303 1621 3378 Sed
1638 3323 1822 3380 conuentu
1842 3308 1900 3381 in·

89 3415 90 3418 ¹
283 3428 402 3505 trante
417 3428 515 3500 talou
530 3448 620 3520 quum
633 3429 735 3521 pierres
748 3430 814 3496 osce
825 3422 985 3516 stgnorum
1004 3427 1136 3496 omnirm
1154 3443 1177 3494 a
1198 3418 1400 3496 custodibus
1415 3420 1561 3495 ecclesie
1579 3425 1627 3498 ad
1644 3424 1770 3499 ollium
1788 3425 1900 3524 ipsius

284 3545 438 3624 Ecclesre
456 3542 630 3619 stantibus
641 3541 905 3639 percuciuntur.
953 3538 1157 3615 Cantantur
1175 3536 1307 3633 vesperi
1330 3550 1482 3612 cantore
1499 3541 1755 3653 ebdomadario
1781 3543 1901 3644 impo-

284 3678 404 3745 nente·
418 3661 509 3740 Ant.
535 3665 660 3738 &dnn
672 3665 834 3759 sdutntr.
885 3703 934 3718 -
983 3700 1032 3716 -
1081 3656 1212 3732 Finitis
1237 3656 1390 3753 vesperis
1408 3662 1503 3754 super
1520 3658 1646 3755 forrum
1666 3669 1899 3759 proemittitur,

124 3868 132 3893 ,
286 3792 323 3867 ἀ
348 3788 395 3862 de
418 3795 538 3883 cetero
566 3783 706 3880 uespera
743 3780 831 3857 sicut
862 3778 1086 3855 matutinum
1111 3776 1244 3851 finitur.
1309 3778 1379 3850 Pro
1408 3779 1544 3852 cimbalo
1561 3773 1759 3874 percutitur
1792 3787 1903 3858 tabule

126 3916 128 3923 “
229 3954 234 3963 ·
285 3929 394 4005 quam
415 3904 499 3979 illuc
522 3883 871 4000 posuit'resestomrius
895 3892 1082 3996 acceptam
1109 3897 1284 3995 asconylu
1334 3892 1464 3970 Sedin
1495 3895 1650 3989 resederis
1674 3922 1730 3994 pro
1744 3901 1830 3996 scilla
1851 3923 1902 3976 cr-

285 4031 372 4104 ἀξίαν
400 4049 468 4099 curn
501 4027 596 4117 signu
625 4027 727 4096 modu
754 4026 931 4116 principalis
964 4020 1073 4114 coense.
1145 4013 1267 4090 Mallei
1293 4024 1417 4088 autem
1448 4025 1513 4088 tres
1544 4015 1593 4089 ibi
1631 4017 1711 4092 sunt
1746 4017 1783 4093 in
1817 4018 1916 4125 loco·

285 4156 382 4223 trium
398 4149 562 4228 ,cidnum
593 4141 653 4238 qni
679 4143 716 4215 dr
747 4138 930 4234 suppleant
960 4136 1078 4214 vicem
1099 4132 1252 4207 illarum.
1311 4131 1458 4230 Ibique
1486 4121 1641 4209 dicenda
1672 4136 1751 4213 sunt
1774 4126 1908 4236 omnir

285 4278 404 4365 preter
437 4259 627 4338 lessionem
660 4258 719 4332 sub
749 4256 893 4332 silencio
918 4257 1105 4341 dicuntur,
1150 4251 1238 4326 sicut
1271 4252 1308 4327 dr
1340 4251 1459 4346 postea
1488 4253 1535 4327 ad
1564 4252 1747 4332 ecclesiam
1770 4263 1905 4353 -r‘egree

286 4388 443 4463 dinntur.
497 4379 539 4456 Si
565 4381 661 4453 Prior
688 4377 809 4452 letiori
837 4379 877 4450 od
901 4383 1063 4450 terniaco
1089 4376 1216 4467 alloqui
1242 4371 1366 4464 uersus,
1396 4381 1434 4443 vt
1456 4371 1619 4471 dimittat,
1645 4381 1763 4462 inrum,
1803 4376 1904 4473 ejus·-

134 4487 136 4491 ¹
284 4510 370 4583 dem
391 4501 509 4580 versus
534 4503 634 4594 aliquo
657 4500 750 4571 verbo
772 4503 891 4592 repetit.
965 4494 1006 4570 Si
1031 4516 1119 4567 vero
1149 4498 1183 4566 in
1212 4490 1309 4564 medio
1336 4490 1455 4565 versus
1483 4492 1623 4580 innuit,
1663 4493 1816 4592 perletlo
1838 4520 1905 4572 eo·

284 4627 370 4704 dem
395 4620 496 4702 versu
521 4618 612 4694 linit.
687 4617 926 4722 Nammeius
952 4616 1068 4690 imno
1091 4610 1223 4686 fratres
1254 4608 1379 4684 lauant
1408 4611 1520 4707 pedes
1548 4611 1586 4688 dr
1612 4614 1731 4712 postea
1757 4613 1902 4694 lestioni

1623 4811 1629 4831 ,
1751 4747 1902 4825 vacant,

44 4871 53 4953 ᾗ
137 4891 152 4940 ὃ
252 4915 256 4923 ’
313 4885 360 4969 4*)
385 4882 469 4970 Vafis
484 4896 580 4967 ‘grum
601 4842 716 4964 praecis
735 4900 826 4936 aaran
846 4876 891 4943 cel
909 4893 1027 4947 mnu,
1052 4866 1174 4959 Gloffur.
1195 4871 1237 4938 du
1259 4872 1368 4938 Frrsnr
1394 4870 1544 4959 arcp.
1561 4890 1637 4956 417,
1680 4952 1684 4985 ἶ
1748 4918 1754 4952 ,
