4276 5670
885 394 1244 489 *emmo*
1359 427 1362 433 ’
1803 397 1877 492 aba

244 587 395 676 petente
431 575 561 651 eodem
588 573 799 650 Archiduce
819 597 840 648 e
863 571 1079 650 Monallerio
1106 574 1218 677 Apri,
1244 571 1351 670 vulgo
1375 570 1433 649 Eb
1434 568 1645 672 ermunsler
1633 592 1673 650 m
1704 571 1897 679 coenobio·

245 698 367 775 nostro
394 694 607 792 regulariter
635 694 843 770 instituendi
866 689 1017 796 suscepti
1047 694 1139 771 sunt.

353 934 413 1010 lx
439 934 550 1009 Anno
588 940 691 1030 1⁶24.
737 955 791 1025 13.
824 930 1020 1011 Februarii·
1035 935 1075 1010 Ρ.
1104 930 1261 1038 Joannes
1293 929 1481 1007 Friderims
1521 929 1670 1029 Ongmus
1702 928 1802 1006 Prior
1840 927 1898 1002 in

246 1052 425 1132 Sebutlem
453 1066 582 1147 rogatu
603 1053 678 1147 jam
710 1051 797 1128 diui
830 1052 1049 1127 Archiducis
1080 1076 1143 1149 pro
1176 1050 1368 1146 Disciplina
1404 1048 1621 1126 addiscenda
1655 1046 1878 1146 aliquamdiu

247 1175 343 1270 apud
369 1197 438 1248 nos
464 1183 734 1259 commoratus,
760 1171 980 1269 amplissimis
999 1171 1125 1268 gratiis
1147 1169 1297 1253 habitis,
1321 1173 1474 1246 domum
1498 1171 1704 1247 reuertitur.

353 1410 398 1487 X.
422 1410 565 1487 Eodem
592 1433 689 1486 anno
712 1410 752 1488 &
776 1423 833 1494 28.
865 1359 1030 1506 ejusdem
1056 1407 1189 1486 Mensis
1214 1406 1274 1483 die
1299 1408 1424 1485 Abbas
1456 1405 1494 1483 S.
1518 1403 1612 1483 Petri
1637 1407 1709 1484 huc
1728 1406 1878 1485 veniens

248 1553 417 1606 nouose
449 1529 565 1606 Viena
598 1529 716 1611 nostra
749 1532 795 1604 ad
828 1529 927 1606 suam
960 1531 1121 1606 Colonos
1152 1528 1269 1626 petiit.
1319 1529 1401 1611 Quo
1436 1551 1469 1625 7.
1498 1520 1587 1622 lVlaji
1628 1525 1699 1604 ΡΡ.
1735 1526 1879 1603 Momm

212 1656 215 1660 ’
247 1650 411 1748 Bnldung
434 1648 562 1736 Prior,
598 1649 820 1747 Hieronymus
852 1648 1003 1725 Ruinold
1038 1650 1115 1724 Ru.
1145 1647 1292 1723 Petrum
1328 1646 1550 1748 Conseffurim
1566 1676 1596 1734 ,’
1618 1648 1656 1725 dt
1685 1646 1879 1722 Dominicur
2003 1625 2044 1752 η’

248 1770 404 1867 Lnymun
437 1768 649 1844 Neaitioram
679 1770 842 1872 Magister
876 1769 1012 1846 ibidem
1053 1768 1175 1844 futuri.
1266 1766 1326 1842 xl.
1353 1767 1493 1848 Eodem
1519 1751 1643 1851 anno,
1677 1767 1902 1864 eodemque·

248 1890 309 1964 die
342 1891 378 1965 u
396 1911 444 1962 ex
461 1890 590 1964 eadem
617 1888 720 1963 causa
746 1887 869 1964 Abbas
892 1889 930 1967 S
966 1888 1146 1989 Tmelperti
1170 1888 1242 1964 huc
1267 1885 1409 1962 delatus
1434 1886 1592 1963 obtinuit
1616 1884 1686 1962 ΡΡ.
1706 1885 1879 1961 Placidum

248 2007 438 2109 Iseffeeing,
466 2005 678 2085 Bernardum
708 2008 808 2096 Han,
841 2011 879 2088 dt
914 2033 974 2085 me
996 2007 1214 2101 (Gabrielem
1247 2007 1469 2103 Bucesinum)
1501 2006 1732 2083 Nouitiorum
1763 2005 1877 2103 magi·

246 2128 357 2202 strum
391 2127 526 2204 Ibidem
551 2127 833 2204 constituendos.
882 2128 1049 2229 Septima
1068 2128 1129 2205 die
1150 2127 1242 2226 Maji
1263 2151 1347 2206 cum
1370 2127 1522 2270 iia,qu1
1512 2127 1586 2204 ad
1606 2124 1646 2206 S:
1660 2127 1793 2204 Petrum
1814 2127 1878 2204 de·

246 2247 366 2323 stinati
397 2246 495 2333 sunt,
520 2247 750 2325 discessimus.
1905 2260 1914 2275 ·
1949 2256 1962 2265 ’“

345 2486 451 2563 Adeo
477 2485 560 2559 sane
579 2486 757 2583 Georgius
778 2485 901 2564 Abbas
927 2489 1045 2564 noller
1068 2488 1105 2564 in
1132 2487 1401 2565 reformationis
1426 2510 1526 2595 opus¹
1542 2487 1877 2585 (quemadmodum

249 2631 407 2682 coaeuus
423 2607 591 2703 'Scriptor
615 2608 847 2704 concludit‚)
871 2608 1050 2695 incubuit,
1076 2620 1117 2684 vt
1141 2608 1468 2685 Reuerendissrmus
1493 2606 1688 2709 Episcopus
1710 2605 1878 2710 Sebasten-

240 2733 308 2832 fis,
335 2728 373 2804 dt
404 2725 662 2820 Suffraganens
692 2726 973 2807 constantiensis
995 2727 1153 2831 joannes
1180 2727 1336 2831 Jneosmr
1361 2720 1541 2827 Mirgaiius
1569 2754 1638 2802 euin
1658 2727 1740 2827 suae
1773 2725 1877 2803 Dim·

250 2853 326 2948 ceſsi
349 2846 612 2944 Reformatorem
640 2847 851 2942 adpellaret.
901 2848 1024 2930 Quum
1054 2849 1165 2942 igitur
1190 2871 1336 2937 omnes,
1359 2847 1548 2944 praecique
1573 2847 1721 2923 Ordinis
1746 2850 1784 2925 S.
1806 2849 1878 2925 Be-
1916 2890 1919 2897 =

249 2966 384 3042 aedilis
426 2967 588 3040 Abbates
620 2965 800 3062 Exemplo
835 2967 982 3061 Georgii
1014 2966 1141 3051 duni,
1180 2966 1313 3063 lapsam
1351 2968 1613 3064 propemodum
1644 2967 1877 3068 Disciplinam

251 3087 299 3162 ad
334 3085 516 3182 pristinam
546 3109 718 3160 reuocare
750 3085 979 3162 seueritatem
1010 3085 1282 3172 adlaborarent,
1321 3084 1360 3160 in
1394 3085 1721 3182 congregationem
1746 3112 1770 3162 a
1792 3088 1876 3164 Cle·

249 3222 375 3286 mente
405 3205 493 3280 b'lll
519 3206 754 3302 adprobatam
778 3207 965 3302 congress,
991 3204 1130 3304 saepius
1156 3207 1196 3281 iu
1225 3206 1351 3284 Vineis
1378 3204 1506 3282 nostris
1540 3218 1807 3293 conuenerunt,
1837 3207 1876 3285 dr

251 3338 292 3403 vt
314 3325 547 3420 aequabilitas
573 3348 657 3401 cum
679 3324 716 3400 in
743 3325 873 3402 Officio
892 3325 1037 3410 diuino,
1064 3338 1144 3402 tum
1170 3327 1208 3402 io
1231 3325 1333 3402 omni
1354 3325 1598 3402 Oeconomiae
1617 3347 1750 3420 genere
1777 3327 1874 3414 ell'et,

251 3449 388 3521 nedum
414 3446 460 3520 de
488 3443 812 3521 constitutionibus
842 3446 1067 3533 condendis,
1099 3445 1296 3522 sedetiam
1320 3446 1368 3522 de
1391 3446 1580 3522 Breuiario
1603 3447 1875 3542 corrigendo&

252 3565 492 3662 imprimendo
508 3565 666 3659 cogitare
683 3576 890 3662 coeperunt.
939 3566 1044 3649 Quod
1062 3577 1250 3663 atrumque
1265 3569 1408 3643 auuore
1424 3566 1646 3663 praesertim.
1673 3569 1712 3646 dt
1727 3566 1875 3644 Promo·

251 3698 330 3763 tore
357 3686 559 3780 Hiermymo
584 3684 708 3760 Coum
734 3685 774 3760 de
802 3682 919 3760 Pmm
946 3683 1091 3760 Nuncio
1119 3685 1324 3784 apostolico
1342 3686 1484 3783 egregie
1502 3685 1761 3785 praestiterunt.

279 3936 282 3941 ’
349 3927 399 4004 Vt
423 3934 547 3998 autem
572 3921 602 3995 F
602 3921 741 4007 abrica,
765 3945 877 4021 quam
902 3919 1106 3999 construere
1132 3922 1348 4000 moliebatur
1372 3925 1494 4001 Abbas
1519 3926 1654 4011 noster,
1686 3926 1791 4003 firmo
1816 3925 1872 4001 ni-

251 4056 405 4130 teretur,
433 4046 469 4120 &
496 4042 608 4116 slabili
634 4042 904 4126 Fundamento,
938 4042 1018 4116 suos
1049 4041 1244 4136 Religiosos
1266 4043 1367 4120 omni
1392 4044 1619 4120 scientiarum
1648 4067 1780 4139 genere
1807 4071 1871 4144 pro
1905 4132 1908 4137 ,

252 4167 512 4260 cujuscumque
535 4178 643 4257 captu
663 4162 777 4238 imbui
798 4161 933 4249 voluit,
956 4161 1096 4245 sciens,
1123 4161 1287 4238 indosios
1310 4162 1491 4239 difficilius
1515 4166 1561 4238 ad
1581 4164 1729 4240 Bonum
1755 4165 1869 4250 trahi.

252 4287 349 4383 quod
372 4284 562 4378 ignorant,
588 4286 624 4360 u
646 4283 777 4359 otiosos
800 4305 999 4378 numquam
1019 4281 1057 4356 in
1082 4304 1127 4354 eo
1149 4281 1377 4366 confirmari,
1403 4285 1500 4381 quod
1528 4282 1747 4370 auersantur.
1789 4288 1872 4371 Qua

252 4406 300 4480 de
325 4403 427 4477 causa
450 4403 588 4477 nedum
613 4401 683 4498 ipse
706 4402 848 4475 Fratres
877 4385 959 4476 soor
982 4401 1032 4476 ad
1063 4415 1195 4477 exteros
1224 4401 1445 4489 Academias,
1473 4405 1510 4481 dr
1537 4403 1728 4501 praecipue
1753 4405 1896 4480 Dilm-

247 4550 419 4623 gnarum
400 4535 478 4596 tum
503 4520 771 4597 celeberrimam
799 4519 914 4609 mifit,
938 4522 976 4599 dt
1007 4525 1158 4599 domum
1183 4523 1344 4598 reuersus
1378 4522 1426 4597 ad
1455 4523 1675 4599 instituenda
1708 4525 1871 4621 quotidie

252 4646 300 4717 de
324 4643 431 4716 rebus
453 4640 637 4715 litterariis
661 4640 850 4739 colloquia
872 4642 1011 4736 adegi,t
1031 4642 1091 4718 sed
1114 4656 1253 4719 certam
1275 4664 1418 4741 quoque
1443 4643 1689 4742 pecuniarum
1695 4645 1872 4723 sornmam

252 4761 454 4883 coustituit,
487 4785 579 4859 quae
603 4758 747 4857 fingulis
776 4761 882 4836 annis
911 4762 957 4837 ad
988 4759 1232 4840 scientiarum
1263 4761 1302 4842 da
1329 4760 1615 4840 Bibliothecae
1604 4779 1868 4843 incrementum

1000 4878 1114 4978 223
1800 4885 1872 4964 im.
