4276 5670
254 336 342 472 :273
756 448 760 456 .
866 372 1287 483 *Q*
1611 484 1619 491 ,

272 596 277 605 .
297 542 501 637 ‘Eodem
523 554 636 633 etiam
659 571 756 633 anno
782 571 887 652 r452.
913 553 1038 630 Mense
1064 552 1259 632 Februario
1283 551 1565 650 ΡιιιιροΓιιιιιιιι
1589 553 1701 634 libere
1732 553 1888 653 reigna-

121 670 126 680 ’
259 649 316 755 vit
338 672 520 753 Dominus
545 674 723 770 Georgius
749 671 879 770 Sybolt
909 693 974 770 per
1003 682 1273 771 pmcuratoiem
1305 695 1328 748 a
1360 671 1395 747 se
1426 673 1675 765 constitutum,
1713 675 1893 752 videlicet

138 793 157 897 j
257 795 420 872 iliricum
453 793 599 870 Pistoris
632 779 895 891 Capelianum
901 789 1240 880 constantiensem,
1289 789 1328 865 in
1367 812 1500 867 manus
1536 793 1691 871 Erhardi
1727 793 1893 873 Abbatiu·

255 912 552 1010 weingartensis
586 913 626 988 in
659 909 818 987 Ecclesia
856 898 1077 987 Cathetrali
1102 910 1285 1010 praesente
1324 909 1477 986 Notario
1521 875 1678 1010 publico
1705 912 1907 990 statariae

157 1041 160 1048 ’
256 1032 461 1176 AineIuiig:
498 1032 552 1112 vti
577 1029 687 1109 fufius
710 1030 870 1108 declarat
895 1029 987 1105 haec
1018 1030 1229 1131 subsequens
1258 1026 1362 1126 copia
1392 1037 1463 1106 etc.

331 1252 391 1347 'In
416 1250 565 1347 nomine
599 1268 749 1347 Domini
762 1229 901 1348 einen.
934 1258 936 1263 ’
970 1246 1072 1362 Seria
1095 1266 1289 1366 praesentis
1317 1248 1451 1366 publici
1484 1240 1719 1346 histrumen‘ti
1741 1225 1890 1377 curritis.
1936 1350 1941 1362 ,

200 1477 202 1485 Γ
255 1387 370 1488 ipsum
391 1389 619 1483 intuentibus
620 1400 769 1488 pateat
798 1391 987 1467 euidenter
1011 1387 1098 1497 quia
1127 1412 1254 1467 verum
1282 1385 1351 1474 est,
1391 1388 1488 1486 quod
1515 1388 1575 1463 sub
1600 1411 1697 1475 anno
1725 1413 1747 1464 a
1774 1388 1882 1466 Nati-
1924 1458 1928 1463 .

185 1539 197 1561 ·
255 1510 382 1604 uitate
391 1508 560 1586 Domini
596 1507 761 1605 ejusdem
786 1510 975 1600 Millebmo
999 1507 1358 1604 Quadringentefimo
1397 1506 1623 1604 quinquages
1616 1528 1688 1583 mo
1724 1509 1882 1586 secundo

97 1661 138 1735 ¹j
255 1628 456 1706 Indisiione
481 1629 561 1734 XV.
596 1629 835 1705 Pontificatus
860 1628 1071 1706 Santliisimi
1097 1627 1136 1703 Γιι
1162 1626 1302 1704 Christo
1328 1625 1447 1700 Patris
1472 1625 1509 1702 dt
1530 1625 1697 1712 Domini,
1728 1627 1882 1729 Domini

254 1747 414 1834 Nicolai,
442 1728 568 1825 diuina
586 1747 818 1825 Prouidentia
839 1749 960 1847 Papae
980 1748 1108 1831 Quinti
1130 1745 1242 1825 Anno
1267 1740 1382 1828 serito.
1407 1745 1468 1821 die
1489 1754 1574 1823 vero
1595 1744 1749 1826 secunda
1772 1750 1882 1826 Men·

91 1947 94 1954 ,
193 1950 200 1957 ,
254 1867 300 1943 fis
316 1866 503 1968 Februarii
526 1868 615 1942 hora
638 1869 765 1945 ostana
789 1880 874 1944 ante
901 1866 1128 1945 meridiem
1117 1890 1154 1943 in
1172 1865 1305 1941 Eccles
1295 1889 1329 1940 a
1356 1864 1484 1961 majori
1514 1864 1775 1961 Constantienii
1802 1868 1880 1948 diei

254 1969 419 2084 ejusdem
449 1986 504 2066 vel
528 1985 638 2086 quasi
709 1987 749 2062 in
777 1987 851 2064 mei
873 1986 1014 2067 Notarii
1046 1986 1197 2086 publici,
1231 1984 1467 2082 Testiumque
1483 1984 1750 2082 subscriptorum
1774 2011 1882 2087 prae·

252 2106 365 2184 sentia
407 2106 635 2206 personaliter
675 2107 889 2183 constitutus
930 2106 1153 2183 honorabilis
1198 2106 1265 2184 Vir
1304 2104 1486 2182 Dominus
1525 2105 1703 2200 Georgius
1745 2106 1881 2213 Syuoit

251 2225 478 2324 praepositus
518 2223 659 2316 iEccles
649 2250 704 2302 ae
734 2227 993 2321 collegiatae
982 2249 1020 2302 in
1044 2226 1346 2302 Bettenbrunnen
1383 2225 1564 2324 praefatae
1596 2226 1882 2333 constantiensis·

249 2346 462 2443 Dioecesis,²j
494 2328 663 2423 omnibus
689 2346 897 2422 melioribus
920 2349 1031 2422 modo
1059 2345 1118 2422 via
1140 2344 1227 2443 Jure
1265 2357 1343 2422 tam
1367 2345 1559 2428 conformi,
1595 2337 1878 2445 quibus'inelius

251 2466 292 2545 dt
319 2465 502 2575 efficacius
531 2466 607 2542 sieri
632 2465 751 2563 potuit
779 2469 816 2543 Γ
841 2465 986 2567 debuit,
1014 2464 1102 2540 secit
1126 2463 1311 2541 constituit
1361 2506 1410 2520 -
1459 2507 1509 2524 -
1558 2507 1607 2524 -·
1657 2469 1695 2545 dt
1724 2467 1877 2544 solenni·

250 2596 309 2663 ter
339 2584 523 2662 ordinauit
548 2585 650 2661 suum
676 2608 801 2661 verum
823 2586 959 2662 retium
983 2589 1020 2664 dt
1047 2583 1290 2661 indubitatum
1316 2588 1587 2662 Procuratorem
1610 2587 1792 2666 auronum
1825 2631 1876 2651 -··

251 2744 300 2763 -
325 2705 626 2804 negotiorumque
655 2703 797 2803 piorum
822 2705 997 2800 gestorem
1027 2705 1065 2782 dc
1098 2703 1280 2782 Vicariuin
1310 2704 1523 2805 specialem,
1563 2706 1733 2783 videlicet
1758 2706 1877 2786 hono·

250 2824 400 2916 rabilem
432 2824 570 2904 Virum
606 2822 805 2899 Dominum
838 2824 1005 2929 Vlricum
1035 2824 1181 2924 Pistoris
1214 2825 1476 2922 Cappellanum
1512 2825 1691 2903 Ecclefiae
1724 2831 1877 2926 majoris

251 2942 509 3024 constannens
500 2967 530 3019 s
552 2943 801 3039 refignandum
823 2942 983 3040 Praepos
987 2958 1102 3020 turam
1122 2944 1371 3050 praedislam
1361 2967 1397 3020 in
1418 2946 1735 3035 Bettenbrunneu,
1762 2972 1876 3048 quam

203 3126 206 3130 ,
251 3065 367 3148 ditius
393 3060 575 3139 Dominus
607 3060 793 3156 Georgius
808 3062 937 3158 8ΓΓιοΓι
962 3066 1122 3149 obtinet,
1170 3064 1209 3139 in
1236 3064 1404 3140 manibus
1431 3065 1681 3143 Reuerendi
1671 3090 1708 3142 ιιι
1731 3067 1875 3148 Christo

250 3184 367 3261 Patris
392 3185 429 3279 dt
450 3181 600 3258 Domini
621 3181 772 3259 Domini
793 3181 950 3260 Erhardi
971 3183 1144 3261 Abbatis
1154 3183 1400 3261 Monullerii'
1376 3208 1425 3290 in
1456 3185 1670 3280 Wingarten
1706 3187 1874 3283 ejusdem

250 3300 516 3401 Praepofitur'ae
537 3309 606 3377 vrri
631 3306 807 3387 solutoris,
839 3303 898 3379 seu
918 3301 1065 3380 alterius
1087 3305 1348 3403 cujuscumque
1369 3306 1416 3380 ad
1437 3296 1476 3381 id
1500 3305 1711 3403 potestatem
1735 3292 1874 3387 haben·

250 3423 316 3517 tis,
341 3444 504 3496 necnon
535 3422 579 3511 ad
611 3424 807 3518 petendum
835 3423 1038 3501 instandum
1066 3419 1344 3522 requirendum,
1384 3425 1708 3503 &continendum
1743 3428 1874 3525 hujus·

249 3543 348 3619 modi
380 3538 657 3634 refignationem
689 3540 800 3636 recipi
836 3544 1049 3632 &admitti
1090 3550 1126 3624 dr
1159 3544 1426 3640 adjutandum
1456 3545 1515 3622 seu
1547 3546 1593 3619 ad
1615 3535 1891 3645 Jdramentom,

72 3645 82 3653 “
114 3720 124 3728 .
178 3712 191 3737 .
248 3659 286 3737 in
315 3659 432 3736 sorma
453 3659 547 3736 ditia
583 3658 621 3736 de
655 3663 823 3739 consueta
856 3644 1108 3759 praestandum
1144 3666 1182 3740 in
1217 3686 1349 3740 manus
1386 3664 1684 3751 Reuerendiffimi
1717 3664 1884 3749 Domini·

247 3778 399 3859 nubam
423 3780 483 3855 seu
499 3778 645 3856 alterius
669 3783 731 3879 qui
759 3780 970 3876 hujusmodi
985 3780 1260 3890 resignationem
1281 3781 1471 3871 admittet,
1496 3780 1666 3884 quodque
1687 3786 1735 3860 ad
1758 3785 1871 3885 ipsam
1906 3792 1911 3801 “

246 3899 521 3996 resignationem
545 3878 665 3998 aliqua
694 3901 895 3997 corruptela
922 3902 979 3980 vel
1003 3890 1195 4003 simoniaca
1220 3903 1399 4002 prauitas,
1434 3914 1497 3979 aut
1524 3904 1675 4002 quaeuis
1700 3905 1770 3983 alia
1800 3908 1871 3987 illi·

247 4020 319 4096 cita
338 4020 445 4119 passio
468 4017 708 4095 nullatenus
697 4021 909 4107 interuenit,
945 4013 1002 4098 vei
1026 4022 1264 4110 interueniet,
1303 4035 1380 4100 tam
1404 4047 1427 4099 a
1454 4037 1557 4122 parte
1579 4022 1765 4143 ipsiusmet
1791 4027 1871 4108 Do·
1900 4066 1909 4075 ·

244 4140 338 4220 miui
371 4138 620 4216 constituentis
649 4161 758 4237 quain
780 4139 894 4217 etiam
918 4140 1064 4217 alterius
1093 4141 1364 4303 cujuscumque.

338 4375 389 4454 Et
410 4375 630 4475 singulariter
655 4375 778 4453 omnia
807 4377 877 4459 alia
904 4381 941 4457 dc
963 4376 1101 4476 singula
1134 4313 1341 4458 faciendum
1367 4381 1564 4461 dicendum
1595 4385 1795 4480 gerendum
1823 4412 1869 4470 ac

245 4500 487 4574 exercendum
511 4521 605 4596 quae
635 4496 786 4595 ipsemet
820 4496 1002 4576 Dominus
1031 4499 1250 4575 constituens
1280 4502 1404 4578 sacere'
1423 4503 1550 4602 posset,
1585 4504 1612 4579 si
1637 4505 1868 4602 personaliter
1929 4505 1934 4512 ’

245 4615 387 4693 adesset.
438 4619 540 4702 Quae
568 4619 645 4694 asia
668 4621 706 4711 dt
729 4618 822 4693 facia
847 4619 927 4695 sunt
952 4619 1184 4697 Constantiae
1214 4621 1274 4699 sub
1297 4646 1393 4697 anno
1418 4622 1569 4701 Domini
1595 4639 1663 4703 etc.
1698 4625 1868 4705 inditiio·

243 4760 291 4814 ne
318 4735 556 4825 Pontificum,
578 4737 698 4828 Loco,
722 4738 874 4825 Mense,
891 4738 953 4816 die
978 4762 1022 4817 ac
1046 4739 1138 4818 hora
1161 4742 1293 4842 quibus
1313 4741 1433 4842 supra,
1457 4743 1702 4845 praesentibus
1726 4745 1867 4831 ibidem

1672 4867 1867 4956 umorue
