4276 5670
200 394 203 406 ·
233 379 301 466 ibt
853 381 1273 475 *06666260
1354 376 1357 381 ⁴

94 536 98 541 ’
231 557 374 637 cirino
400 554 533 636 iiiiii
562 553 769 634 nonasterii
798 558 836 633 in
863 557 990 637 vineis
1016 518 1169 637 'ominis
1205 560 1329 641 siim
1356 560 1547 642 aeneam
1573 560 1854 645 continueris
1909 609 1911 613 «

232 674 439 764 Dtoecefis,
466 677 615 754 salutem
640 673 679 751 m
703 675 876 754 Domino
1485 748 1488 753 .

330 903 500 988 Exhibita
535 932 650 1008 nuper
681 911 787 989 nobis
821 938 886 1014 pro
924 925 1026 1014 parte
1055 912 1188 989 nobilis
1218 911 1296 993 Viri
1326 908 1464 1012 Jianm
1487 918 1617 993 Corallis
1643 917 1679 992 di
1710 915 1870 992 Werileii-

233 1035 305 1128 irg
330 1031 445 1109 ditlae
467 1030 664 1116 Dioeceis,
691 1016 877 1127 petitionis
904 1035 1012 1111 series
1037 1032 1266 1119 continebat,
1304 1031 1403 1130 quod
1431 1033 1571 1113 dudum
1593 1036 1646 1114 sui
1674 1018 1870 1131 Piigmiln·

234 1175 286 1228 res
310 1153 439 1225 meeis
465 1150 588 1224 Maiis
615 1140 719 1224 Sentii·
744 1165 881 1230 certum
912 1150 1133 1247 Collegium,
1175 1149 1278 1246 cuius
1304 1162 1347 1225 tu
1379 1148 1560 1232 Probetlor
1589 1157 1627 1235 di
1658 1154 1869 1232 Conseruai

235 1281 294 1348 tor
316 1267 491 1358 existis,
479 1291 516 1343 in
546 1269 636 1345 aaa
661 1271 907 1347 Dittmbmanm
929 1271 1046 1348 <litiae
1075 1267 1257 1345 Dioecesis
1280 1269 1496 1358 fundarunt,
1520 1283 1562 1350 vt
1585 1272 1724 1352 ibidem
1745 1273 1865 1373 client¹

236 1391 465 1489 Praeposstus
486 1390 524 1466 de
547 1396 625 1477 tres
644 1380 838 1477 Canonici,
875 1388 937 1486 qui
964 1389 1129 1488 quotidie
1151 1386 1311 1464 officium
1343 1387 1511 1466 diuinum
1544 1387 1639 1469 cum
1655 1412 1729 1469 vna
1753 1391 1869 1495 Milia

122 1544 125 1555 ·
236 1513 276 1591 ili
304 1506 467 1606 Vesperis
496 1507 749 1594 decantarent,
775 1522 885 1607 atque
911 1508 1023 1584 etiam
1048 1506 1140 1584 vltra
1168 1506 1260 1583 haec
1289 1508 1381 1581 duas
1405 1504 1496 1583 alias
1531 1508 1748 1586 litamine
1771 1510 1869 1587 can:

237 1643 280 1709 tii
305 1629 544 1712 celebrarent,
586 1648 670 1700 cum
702 1628 812 1702 certis
841 1626 922 1703 aliis
947 1627 1089 1703 statutis
1118 1626 1156 1703 dt
1184 1625 1490 1729 ordinationibus,
1528 1639 1569 1705 vt
1595 1628 1642 1704 de
1665 1629 1861 1706 matutinis

85 1788 89 1793 ·
238 1749 383 1848 lingulis
407 1744 504 1823 fellis
529 1743 656 1819 diebus
686 1745 943 1832 decantandis,
982 1746 1123 1845 ipsaque
1151 1744 1262 1819 etiam
1291 1743 1422 1820 statuta
1453 1744 1763 1824 &ordinationes
1790 1746 1861 1826 hu·

237 1867 397 1969 jusmodi
424 1887 486 1962 per
514 1863 634 1938 sedem
671 1864 913 1960 Apostolicam
947 1865 1099 1942 fuerunt
1129 1863 1360 1948 confirmata.
1402 1862 1537 1964 ipsique
1568 1865 1793 1964 Praepositus
1821 1867 1861 1946 di

186 2054 212 2069 ,.
240 1984 417 2089 canonici
448 1997 611 2080 tempore
641 1981 861 2060 admilbonis
888 1984 969 2060 suae
999 1984 1211 2060 eorumdem
1241 1983 1359 2078 jurare
1385 1995 1572 2072 tenentur,
1609 1985 1707 2084 quod
1731 1984 1868 2082 hujus-¹

239 2108 342 2188 modi
379 2104 526 2179 Statura
559 2100 742 2177 obseruare
768 2103 913 2181 debent
986 2103 1123 2180 Verum
1156 2101 1245 2178 ficut
1287 2103 1417 2176 eadem
1451 2100 1580 2197 petitio
1612 2099 1867 2200 subiungebat-J

241 2223 442 2320 Collegium
481 2224 518 2299 di
551 2221 630 2314 eJ'us
661 2220 886 2316 praebendae
918 2221 1167 2319 hujusmodi
1157 2244 1195 2296 in
1232 2219 1303 2295 suis
1328 2218 1531 2300 redditibus
1562 2225 1605 2301 di
1624 2226 1869 2315 prouentibos·

240 2349 278 2426 in
302 2355 445 2422 tantum
477 2338 557 2413 sunt
579 2337 751 2417 diminuti
774 2352 882 2437 atque
909 2344 1168 2428 decreuerunt,
1190 2341 1289 2438 quod
1313 2339 1376 2417 vix
1405 2361 1500 2416 unus
1522 2340 1790 2419 canonicorum
1814 2341 1870 2418 ex'

82 2532 86 2543 .
213 2464 411 2543 diuitibus
444 2444 667 2555 praebendae
698 2457 781 2533 suae
812 2459 949 2537 ibidem
984 2460 1115 2556 viginti
1145 2470 1301 2559 quatuor
1330 2460 1487 2534 llorenos
1511 2459 1693 2534 rhenanus
1719 2462 1869 2561 partici-

217 2598 322 2720 pat,
347 2596 454 2678 atque
480 2576 607 2668 habet,
647 2575 685 2652 δι
706 2588 850 2710 propter
878 2579 1079 2655 exilitatem
1110 2579 1396 2712 praebendarum
1424 2576 1655 2674 huiusmodi
1661 2574 1731 2656 vix
1758 2580 1864 2658 inue-

182 2794 184 2799 ,
241 2703 313 2782 niri
338 2699 430 2799 polie
453 2698 684 2791 Presbyteros
708 2694 771 2791 qui
795 2694 831 2772 in
859 2698 931 2795 iplo
952 2699 1101 2793 collegio
1123 2699 1237 2774 velint
1260 2697 1326 2772 de
1320 2720 1446 2773 eruire
1516 2699 1636 2784 Quare
1663 2720 1729 2796 pro
1755 2715 1863 2798 parte

242 2822 327 2901 ditli
354 2816 488 2892 Comit
462 2831 510 2892 tis
534 2814 637 2892 nobis
661 2813 731 2889 fuit
751 2815 936 2894 humiliter
957 2818 1210 2918 supplicatum,
1244 2829 1285 2897 vt
1309 2816 1458 2915 super
1433 2839 1479 2893 iis
1505 2818 1553 2893 de
1578 2817 1718 2916 optimo
1742 2842 1862 2959 reme·

242 2944 304 3020 dio
329 2938 519 3039 prouidere
541 2935 781 3030 dignaremur.

341 3176 419 3253 Nos
455 3170 564 3267 igitur
590 3166 800 3266 hujusmodi
828 3171 1156 3269 Supplicatioiiibus
1197 3168 1359 3246 inclinati
1368 3226 1376 3257 ,
1409 3169 1457 3244 de
1499 3169 1694 3268 praemiiis
1736 3182 1863 3250 tamen

244 3305 377 3375 certam
413 3291 588 3387 notitiam·
616 3313 689 3363 non
725 3289 920 3380 habentes,
959 3290 1261 3388 circumspetlinni
1298 3304 1381 3365 tuae
1414 3289 1641 3366 Autloritate
1670 3289 1866 3386 legationis

245 3415 384 3491 nostrae
404 3434 466 3509 per
492 3411 582 3485 liaec
604 3407 731 3502 scripta
752 3408 1035 3495 committimus,
1060 3424 1100 3487 vt
1126 3423 1164 3485 te
1193 3411 1239 3484 de
1267 3411 1357 3483 llatu
1379 3408 1417 3485 dt
1444 3409 1655 3484 conditione
1684 3411 1770 3489 ditli
1792 3414 1866 3488 col·

185 3610 190 3620 ,
245 3534 327 3630 legii
362 3536 400 3612 di
436 3530 514 3605 aliis
547 3527 740 3626 praemissis
774 3528 942 3604 omnibus
975 3532 1012 3607 di
1043 3529 1186 3625 iugulis
1218 3529 1409 3623 diligenter
1437 3524 1636 3615 informes,
1676 3532 1714 3607 di
1746 3530 1771 3605 fi
1803 3554 1867 3629 per

209 3733 212 3736 ,
244 3630 573 3729 conformationem
611 3645 820 3741 liujusmodi
851 3672 895 3721 ea
929 3671 1012 3724 vera
1046 3648 1114 3722 elle
1136 3648 1327 3744 repereris,
1374 3645 1475 3744 super
1498 3645 1628 3745 quibus
1650 3659 1753 3727 tuam
1779 3672 1867 3726 con·

247 3771 431 3847 scientiam
468 3789 680 3852 oneramus,
736 3763 868 3840 statuta
906 3766 1221 3844 &ordinationes
1255 3764 1486 3862 hujusmodi,
1536 3776 1642 3863 prout
1670 3768 1865 3847 secundum

246 3889 365 3968 Deum
400 3886 571 3985 expedire
602 3882 753 3970 videris,
798 3884 947 3976 alleuies
992 3899 1102 3983 atque
1135 3907 1240 3960 cures
1269 3884 1457 3961 moderare
1493 3886 1703 3961 auiloritate
1734 3888 1887 3974 lnollra·

245 4009 423 4111 praelata,
465 4001 778 4108 constitutionibus
816 4005 854 4082 δι
886 4005 1174 4081 ordinationibus
1213 4004 1255 4080 in
1291 4002 1511 4088 contrarium
1539 4000 1755 4082 facientibus
1789 4031 1865 4085 nou

245 4129 466 4210 obstantibus
490 4125 786 4224 quibuscumque.
930 4131 940 4153 '

340 4363 476 4439 Datum
507 4357 722 4451 bloguntiae
758 4357 818 4433 sub
846 4357 965 4434 nostro
1000 4358 1110 4453 figillo
1144 4359 1205 4434 die
1241 4356 1367 4431 Lunae
1407 4353 1575 4432 vicesima
1603 4381 1702 4436 nona
1732 4359 1867 4439 Metilia

246 4480 482 4564 Nouembris,
515 4478 627 4554 Anno
652 4500 672 4548 a
700 4476 902 4551 Natiuitate
927 4478 1076 4555 Domini
1098 4477 1286 4555 llllillesimo
1312 4475 1662 4574 quadringentesimo
1692 4481 1867 4581 quinqua·

245 4603 377 4702 gesimo
404 4598 530 4697 primo.
603 4594 839 4669 l‘ontisieotns
872 4594 1084 4674 Santliffimi
1116 4596 1152 4670 iii
1190 4593 1330 4671 Cluilio
1359 4594 1477 4668 Patris
1508 4595 1546 4670 lli
1579 4593 1727 4675 Domini
1759 4601 1868 4681 iioilrl

245 4720 396 4801 Domini
422 4713 580 4802 Nicolai.
605 4711 732 4792 diuina
756 4715 986 4818 prouidentia
1010 4719 1126 4816 Papae
1152 4713 1280 4806 Quinti
1302 4711 1413 4789 Auno
1437 4715 1575 4816 quintoss

1754 4835 1915 4948 Auno,
