4276 5670
850 387 1272 485 &moa
1339 385 1345 413 '
1835 404 1876 459 11
1936 439 1954 497 ·.

248 571 323 660 „ab
347 570 404 647 Eo
431 568 596 668 suscepit,
628 567 725 667 quod
753 589 836 645 cum
860 571 968 645 Pater
987 570 1077 666 Ejus
1099 570 1325 672 percepisset,
1358 573 1459 645 ratus
1486 567 1722 686 Nobilitatem
1755 566 1876 652 suam,
1979 551 1983 557 ⁶

245 693 318 779 „dt
341 689 546 768 libertatem
569 689 681 766 nimis
707 687 775 762 esse
809 689 1053 779 declinatam,
1100 691 1303 789 ultraquam
1338 689 1436 764 credi
1473 690 1590 786 possrt,
1629 687 1876 764 consternatus
2054 696 2064 706 ‘

245 809 402 895 „animo
426 808 589 887 dolorem
610 808 713 884 suum
738 808 905 886 omnibus
938 810 1032 886 caris
1054 811 1126 887 suis
1147 810 1328 910 exposuit,
1369 809 1407 886 dc
1432 807 1594 885 assumtis
1618 808 1692 884 ΧΠ.
1724 832 1772 882 ex
1800 806 1873 881 illie

246 929 362 1024 „infra
384 929 543 1004 Montana
564 930 611 1004 ad
634 927 788 1015 Villam,
813 951 904 1024 quae
918 931 1052 1033 dicitur
1076 932 1277 1026 Arangae,
1312 929 1489 1026 regalibus
1512 927 1706 1004 Beneficiis
1732 922 1771 1007 a
1793 925 1878 1002 Pos·
1993 942 1997 946 ’

249 1104 270 1137 „
281 1047 485 1125 sessionibus
505 1047 683 1124 ditiffimis
703 1048 836 1125 reiistis
849 1049 978 1147 feceffis,
1010 1049 1049 1127 ὅ(
1066 1048 1116 1125 ibi
1133 1074 1206 1125 non
1228 1050 1360 1126 amodo
1374 1048 1510 1126 visurus
1530 1046 1646 1124 sisium
1668 1046 1772 1123 suum
1788 1069 1876 1122 con·

248 1167 404 1256 „senuit
462 1165 570 1265 Cepit
592 1170 630 1246 ds
653 1166 791 1242 ibidem
818 1154 980 1282 collobiis.
1004 1170 1199 1246 Monachis
1225 1172 1335 1246 Cassam
1359 1167 1578 1256 construere,
1609 1167 1649 1245 in
1666 1165 1874 1268 qua-etiarn

244 1287 505 1399 ,postmodum
525 1309 611 1364 mm
632 1287 709 1363 ΧΗ.
735 1286 807 1364 suis
830 1286 1005 1364 humatus
1022 1289 1252 1388 requiescit„

341 1524 434 1603 Fere
463 1526 593 1601 eadem
617 1530 739 1602 narrat
767 1521 955 1602 Annasista
980 1527 1079 1603 Saxo
1103 1527 1126 1603 s.
1147 1551 1179 1602 c.
1203 1552 1234 1626 p.
1254 1531 1336 1607 oto.
1381 1524 1478 1602 Pater
1504 1546 1575 1620 ergo
1599 1522 1698 1619 Ejus,
1734 1520 1870 1622 inquit.

249 1669 286 1719 ea
300 1650 434 1721 mirabili
455 1645 586 1719 Morum
609 1651 821 1741 inaequalitate
845 1646 976 1744 „supra
997 1647 1176 1723 rationem
1196 1646 1268 1743 hoc
1287 1647 1447 1743 grauiter
1467 1647 1589 1723 serens
1610 1642 1745 1734 Atium
1767 1664 1790 1718 a
1812 1641 1875 1719 Fi&

249 1763 348 1851 „lio,
372 1765 510 1842 receffit
530 1766 577 1839 de
599 1764 787 1850 Bawaria,
815 1769 853 1844 da
880 1775 913 1842 in
944 1772 1029 1841 terra
1047 1782 1208 1852 nomana,
1245 1775 1279 1842 s‘n
1292 1785 1394 1865 parua
1420 1767 1703 1860 Psouinsin'jaxsd
1723 1762 1871 1858 Syluans,

250 1907 352 1980 „pua
375 1886 642 1959 Ssersnzssennsd
660 1879 811 1972 dieitur,
835 1909 920 1962 cum
941 1886 1157 1963 Proceribus'
1174 1886 1250 1964 XIL
1270 1886 1332 1988 qui
1352 1885 1414 1964 srbi
1433 1906 1520 1986 prae
1542 1883 1674 1963 cesena
1696 1881 1871 1962 adbaere-

250 2007 380 2092 „bana
406 2002 586 2101 reliquum
608 2011 691 2080 uitas
709 2020 824 2103 ternpus
840 2005 989 2104 peregit.

343 2240 428 2321 Pari
451 2241 592 2319 ratione
614 2241 830 2340 Esagrnntsm
850 2261 956 2336 ossus,
979 2246 1075 2348 quod
1095 2271 1143 2323 ex
1161 2247 1326 2344 Ludwig.
1344 2253 1434 2324 tom.
1450 2246 1540 2326 Vibi.
1560 2244 1600 2320 L.
1616 2243 1657 2319 Is.
1685 2242 1871 2343 Reliquia-

248 2387 326 2441 rum
352 2362 474 2438 omnis
498 2363 594 2438 Aeui
615 2362 863 2460 Dipsomatom
890 2367 1055 2443 thesauro
1083 2370 1143 2445 suo
1173 2367 1315 2448 sueuico
1341 2367 1489 2443 inseruit
1518 2362 1790 2441 consuitiffimus
1820 2365 1869 2440 Io.
1937 2388 1941 2395 ·

249 2483 472 2559 Rainhasdus
502 2483 695 2578 Wegesinn
728 2483 890 2560 Tomis.
926 2487 1064 2563 Dissert.
1087 2488 1132 2564 X.
1161 2486 1222 2566 vbi
1249 2509 1327 2583 pag.
1347 2510 1426 2584 134.
1457 2484 1550 2562 haec
1570 2483 1760 2579 leguntur:
1792 2488 1872 2582 qnod
1911 2511 1913 2514 ·

248 2607 366 2679 sanan
379 2605 614 2705 sonpntnnejs
635 2603 771 2703 Wssponi
796 2608 899 2699 (nam
916 2608 954 2686 da
974 2607 1106 2682 Ethico
1126 2605 1268 2687 Weisus
1295 2613 1388 2703 erat)
1414 2606 1508 2681 Patri
1523 2605 1583 2703 sus
1610 2607 1653 2692 θ’
1674 2607 1795 2700 indigns
1813 2603 1870 2710 fa·

248 2748 315 2800 rens
334 2721 484 2822 secefflta
512 2724 664 2798 Bawars'a
682 2730 716 2798 s'n
740 2725 895 2801 Montano
918 2720 1027 2803 babens
1048 2731 1091 2803 r'bs‘
1112 2728 1221 2820 Castra
1248 2727 1293 2814 θ
1313 2729 1460 2802 statutt
1483 2730 1550 2801 sicet
1571 2726 1706 2811 modian,
1740 2733 1870 2802 csrtusa·

249 2847 328 2918 dsds't
350 2858 450 2917 artem
469 2856 584 2916 terram
606 2848 689 2918 suan
711 2848 799 2922 sana
815 2854 938 2944 propria
959 2850 1040 2921 dista
1061 2849 1328 2930 Stbsrsndswasd,
1352 2852 1499 2943 armans
1521 2868 1559 2918 ast
1569 2845 1639 2940 stris
1661 2843 1741 2921 XII.
1794 2845 1868 2923 Ms'·

245 2970 328 3050 ¹b'tss,
351 2965 394 3049 s?
420 2964 567 3057 Vasates,
591 2970 643 3059 qni
661 2982 719 3062 pre
738 2970 807 3040 nbis
816 2967 937 3064 semper
953 2980 1043 3041 srnnt
1062 2972 1096 3041 in
1120 2968 1214 3041 Orda
1230 2968 1305 3058 sua,
1336 2963 1529 3061 cnnrsnfisqns
1559 2971 1664 3050 viarm
1699 2979 1756 3060 per
1777 2981 1870 3061 quant

249 3089 416 3157 intrarem
439 3105 562 3159 manens
585 3087 628 3159 sbs'
648 3087 786 3159 nnnbus
811 3087 932 3160 Diebus
955 3092 1020 3159 ebs
1031 3086 1099 3182 sus.
1162 3084 1388 3180 Ammergov
1410 3083 1506 3160 inter
1528 3083 1631 3178 Pagos
1649 3083 1871 3162 Germaniae

250 3200 361 3277 medii
377 3198 474 3278 sieui
495 3201 656 3278 recenset
678 3202 886 3279 Chronieon
903 3202 1148 3284 Gottwicense
1168 3202 1208 3279 P.
1225 3205 1266 3282 Is.
1287 3190 1367 3303 pag.
1387 3229 1467 3304 542.
1515 3201 1598 3298 Pagi
1616 3222 1702 3280 vero
1717 3202 1869 3282 nomine

239 3344 293 3397 ea
311 3331 432 3396 aetate
454 3320 748 3419 intelligebantur
767 3323 855 3400 uerti
878 3322 1081 3408 Distristus,
1108 3346 1201 3423 quos
1228 3325 1335 3414 Gaas,
1360 3327 1450 3410 Gan,
1474 3324 1535 3399 seu
1559 3321 1635 3416 Gay
1665 3321 1870 3404 etiamnum

218 3496 226 3505 .
252 3426 492 3538 adpelsdmus.
516 3465 548 3516 e.
568 3464 605 3538 g.
635 3442 785 3538 sssrgan,
813 3445 986 3542 Donagau,
1012 3447 1148 3540 Bn'sgsu
1166 3455 1235 3520 eto.
1285 3444 1361 3520 Sed
1386 3441 1500 3544 Ipsum
1524 3442 1703 3518 Abbatem
1720 3440 1871 3522 Clarissi-

252 3583 352 3638 mum
377 3561 590 3641 audiamus:
617 3563 802 3658 Arnsrgnau,
829 3563 988 3659 Amergou
1007 3563 1058 3640 est
1079 3564 1186 3658 Pagus
1204 3563 1400 3650 „Ducatus
1420 3554 1611 3658 Bajoariae
1631 3562 1678 3638 ad
1699 3561 1870 3643 Fluuium

253 3683 448 3778 „Arnpss'ans
470 3680 530 3759 vel
553 3681 734 3757 Anmsram
757 3705 865 3780 prope
893 3683 1030 3759 Fontes
1057 3683 1234 3778 Ejusdem
1269 3683 1317 3757 ad
1338 3678 1496 3758 confinia
1510 3679 1726 3778 ›Tyrolenssa
1755 3706 1871 3782 usque
2026 3693 2027 3697 '

253 3804 325 3889 ,ad
345 3801 464 3878 lacum
488 3801 720 3901 nominatum
737 3806 791 3877 der
804 3802 899 3905 stafss
914 3804 987 3889 Ses,
1018 3786 1056 3880 de
1076 3802 1304 3880 Coenobium
1327 3800 1534 3909 Manius,
1563 3799 1692 3879 habuit
1716 3803 1780 3880 iste
1803 3807 1872 3879 Pa·

253 3945 337 4018 „gur
356 3919 519 4021 proprios
541 3920 707 3998 Comites
732 3921 779 3999 de
811 3921 1009 4018 Amergow
1033 3920 1105 3998 srue
1134 3922 1341 4016 Ambergov
1363 3920 1497 4008 didos,
1528 3921 1704 4020 aquibus
1732 3924 1870 4001 Wesfo·

251 4065 359 4130 ,rum
381 4040 548 4138 Prosapia
568 4040 745 4135 originem
767 4042 894 4129 traxit,
917 4041 1023 4118 srtarn
1046 4041 1096 4117 est
1115 4041 1153 4115 in
1177 4064 1223 4115 eo
1243 4040 1338 4119 Villa
1370 4043 1409 4121 dt
1437 4037 1696 4118 Monasterium
1725 4042 1872 4122 Ambis-

249 4183 381 4258 „gow,
403 4162 501 4259 quod
524 4161 568 4241 ab
583 4160 763 4238 Ethicon'e
791 4162 1003 4247 fundatum,
1045 4162 1084 4240 dt
1108 4162 1153 4236 ab
1182 4159 1360 4256 Ejusdem
1375 4158 1467 4238 Filio
1492 4158 1668 4239 Heinrico
1693 4160 1741 4257 ,in
1765 4161 1871 4241 Asto-

244 4279 441 4381 ·„mttostet
459 4283 500 4356 sd
513 4280 662 4358 anut’rsm
681 4280 793 4358 sssnsun
811 4288 992 4359 transtaan
1002 4279 1094 4376 fust,
1122 4280 1215 4375 haec¹
1235 4278 1308 4357 isse.
1375 4342 1377 4346 .

347 4544 382 4597 2.
406 4519 556 4597 Diutius
576 4518 765 4618 ambiguus
785 4519 999 4607 haerebam,
1035 4518 1095 4600 vbi
1121 4521 1284 4596 lotorum
1307 4516 1421 4615 Syloa
1443 4519 1606 4595 Sssrsnzta
1636 4515 1731 4596 dista
1760 4518 1872 4617 posset
1903 4617 1907 4627 ι

245 4638 471 4737 inuestigari,
496 4642 731 4717 commodum
752 4640 842 4716 mibi
865 4638 1064 4725 acciderat,
1098 4640 1170 4717 Iter
1189 4638 1395 4737 Oeniponto
1422 4635 1461 4713 in
1476 4635 1650 4712 ‘Patriam
1663 4654 1756 4733 per,
1769 4639 1878 4715 Etta«
2015 4670 2020 4674 ·
2108 4695 2114 4706 .

243 4764 322 4844 lam
352 4784 416 4841 me
446 4758 641 4859 aliquando
675 4758 814 4875 senisse,
868 4760 1079 4841 occurrebat
1120 4783 1207 4858 ergo
1244 4758 1368 4837 auimo
1411 4757 1511 4834 bouus
1538 4754 1739 4835 manaa
1773 4755 1874 4854 sysua

1107 4879 1191 4961 Ba
1734 4880 1880 4970 media,-
