4276 5670
684 386 1105 481 aemma
1551 362 1707 484 'aaa
1827 384 1897 454 -'

91 585 100 605 ·
175 567 285 647 Hane
308 565 462 655 nostram
487 562 655 656 ultimam
678 564 903 643 voluntatem
928 565 1001 657 effe
1021 564 1287 664 Subscriptioue
1313 563 1357 643 dc
1373 563 1483 663 figilli,
1505 565 1615 643 nostri
1637 571 1708 645 Ar-
1845 644 1851 652 ,

79 689 278 769 chiducalis
303 689 520 786 apprellione
538 686 706 761 testatum
731 685 895 763 fecimus,
943 686 1141 788 Enstsdemr'i
1173 712 1226 763 11.
1248 684 1432 761 Februarii
1459 688 1570 781 Anno
1603 697 1707 767 1621.

78 807 282 912 Leoposdus,
304 810 353 884 ad
384 809 601 884 Mandatum
634 803 852 902 Serenissuni
877 829 919 881 ac
949 806 1246 883 Reuerendiffimi
1274 807 1386 884 Aren
1426 807 1515 904 Arg.
1545 812 1583 889 dc
1619 809 1706 886 Pau

78 924 244 1081 Episcopi
275 927 461 1026 proprium
481 922 590 1035 Joun
614 923 688 1001 Bul
671 923 801 1025 sthusur
831 921 992 1025 Schseges.

172 1165 317 1245 coactis
346 1162 498 1275 hosce
486 1162 526 1242 m*
534 1160 696 1243 lintite'c
724 1163 886 1250 animis,
922 1163 1215 1243 Resonnatorum
1241 1163 1382 1243 labores
1412 1165 1514 1242 breui
1542 1177 1706 1264 optatam

76 1286 326 1384 germinarunt
354 1282 538 1381 segetem,
574 1287 667 1361 adeo
703 1297 745 1367 ut
773 1308 908 1383 paucos
939 1285 1034 1361 intra
1065 1307 1182 1359 annos
1209 1282 1291 1362 Viri
1325 1286 1566 1363 adolescerent
1601 1288 1704 1365 omni
1826 1309 1835 1320 ·

77 1405 423 1484 Commendatione
433 1404 577 1500 digni.
601 1406 720 1482 Cultis
749 1405 860 1502 igitur
883 1406 921 1482 iu
946 1416 1089 1482 tantam
1119 1403 1342 1481 fertilitatem
1374 1406 1498 1495 terris,
1529 1407 1704 1506 vultuque

76 1549 159 1603 cum
187 1526 449 1625 congregatione
474 1525 528 1601 A
520 1525 633 1645 sotera
655 1525 873 1623 Monnsterio,
898 1524 1006 1603 nostri
1039 1527 1192 1636 domum
1217 1526 1423 1615 redierunt,
1444 1527 1596 1604 Litteris
1615 1527 1705 1604 Sae-

44 1645 211 1765 ·'piffime
228 1649 273 1724 ab
296 1645 440 1762 Abbate
464 1645 653 1769 honorati,
679 1647 717 1724 dt
740 1645 877 1741 gratiis.
1071 1644 1086 1667 '¹
1167 1662 1170 1671 ·
1493 1694 1498 1700 -

170 1878 246 1962 ¹Sed
272 1885 318 1960 ab
341 1883 534 1960 occidente
555 1860 674 1962 mrsu's
697 1885 746 1962 ad
766 1881 957 1961 Orientem
976 1884 1174 1961 vertendus
1192 1883 1245 1960 est
1267 1884 1416 1978 oculua3
1439 1867 1526 1964 nam
1548 1885 1587 1964 dr
1602 1885 1701 1972 inde,

25 2009 28 2012 ⁴
75 2030 120 2081 ex
143 2002 262 2102 Styria
287 2027 443 2102 nempe,
475 2004 636 2080 Litterae
667 2015 861 2089 venerunt,
892 2029 940 2081 ex
960 2005 1090 2081 eadem
1111 2004 1226 2081 Causa
1245 2006 1438 2083 confettae.
1488 2006 1632 2085 Primae
1653 2029 1702 2083 ex

73 2125 290 2202 Mouasterio
305 2124 523 2227 Aduaonunst
551 2125 714 2221 Georgia
735 2123 894 2209 delatae,
930 2122 976 2198 src
998 2123 1195 2203 sonabant:
1225 2124 1474 2202 Consrderanti
1505 2127 1595 2204 mihi
1623 2127 1702 2205 Ad·

73 2245 227 2324 modum
252 2245 466 2322 Reuerende
491 2243 530 2327 iu
554 2242 694 2320 Christo
718 2243 842 2330 Pater,
866 2265 908 2318 ac
932 2243 1111 2328 Domine,
1144 2242 1292 2330 Ordinis
1316 2243 1426 2322 nostri
1443 2268 1576 2342 magna
1598 2245 1701 2331 simul

72 2364 111 2443 &
132 2363 327 2444 laudabilia
385 2404 433 2422 -
471 2358 559 2463 ,’-,
584 2404 634 2421 -
684 2362 841 2440 occurrit
873 2361 964 2441 illud
990 2363 1154 2442 ueritatis
1185 2364 1431 2466 praesagium:
1472 2365 1591 2444 Meffis
1618 2367 1701 2466 qui·

71 2486 158 2561 dem
188 2486 323 2572 multa,
361 2474 514 2584 operarii
548 2495 671 2560 autem
703 2482 810 2582 pauci
858 2524 909 2542 -
956 2526 1006 2583 ·.·
1055 2486 1283 2584 Quapropter
1309 2486 1511 2563 admodum
1528 2499 1599 2563 etc.
1630 2507 1700 2584 ego

71 2606 120 2681 ad
155 2602 252 2682 suam
285 2605 329 2681 R
362 2605 651 2690 paternitatem,
689 2605 737 2680 ad
771 2601 920 2682 Sacram
947 2605 1049 2683 velut
1084 2605 1282 2683 anchorum
1318 2646 1367 2664 —
1415 2646 1466 2663 -
1519 2606 1566 2682 ad
1593 2631 1698 2695 eum,

71 2748 180 2822 quem
204 2725 305 2800 omni
326 2721 572 2820 Benignitatis
598 2726 635 2801 dc
668 2724 874 2822 proximum
907 2725 1055 2820 iuuandi
1089 2724 1176 2801 Zeso
1209 2725 1395 2804 incensum
1427 2725 1624 2805 multorum
1658 2730 1699 2810 dt

70 2843 235 2940 grauium
260 2843 418 2920 uirorum
453 2840 690 2945 sermonibus
710 2842 900 2940 bognoui,
932 2847 1114 2932 adeum,
1148 2846 1212 2944 qui
1241 2845 1347 2922 nobis
1371 2847 1542 2924 omnibus
1566 2846 1604 2923 in
1627 2847 1699 2925 hac

70 2964 197 3040 diuina
219 2963 329 3042 Melle
351 2960 522 3073 operariis
544 2958 724 3038 destitutis
749 2960 951 3040 succurrere
973 2965 1093 3060 potiit,
1117 2963 1144 3038 sr
1169 2963 1274 3053 velit,
1299 2967 1472 3042 accedere
1495 2965 1598 3042 hisce
1622 2991 1697 3046 nou
1845 3057 1850 3067 Ι

69 3108 221 3172 vereor,
254 3106 387 3181 rogans
410 3079 513 3158 simul
537 3083 575 3160 dt
601 3082 806 3170 obsecrans,
841 3095 882 3162 vt
904 3083 1070 3160 uuuellos
1098 3082 1247 3160 diuinae
1278 3082 1382 3174 vitis,
1414 3084 1546 3181 consti
1571 3079 1696 3165 videli-

69 3216 148 3292 cet,
174 3203 360 3303 palmites,
393 3202 478 3278 licet
499 3201 539 3276 in
564 3206 688 3279 exeris
712 3200 918 3293 mamilus,
954 3205 1052 3303 quod
1074 3201 1175 3280 laudi
1198 3203 1268 3292 est,
1300 3204 1339 3279 in
1364 3204 1581 3283 Monasterio
1602 3206 1697 3283 mihi
1766 3262 1771 3270 -

69 3324 278 3403 concredito
301 3323 534 3423 Admonens,
567 3345 631 3420 per
655 3335 722 3399 tres
753 3321 947 3401 Sacerdotes
971 3340 1156 3422 (quorum
1187 3322 1301 3401 altero
1323 3348 1389 3423 pro
1413 3322 1546 3414 Priore,
1582 3324 1697 3404 altero
1797 3422 1801 3427 .

68 3469 133 3545 pro
157 3445 370 3522 Nouitiorum
393 3442 589 3545 Magistro,
627 3444 737 3518 tertio
760 3466 825 3540 pro
851 3467 935 3520 meo
968 3441 1172 3546 Coofiffirrio
1203 3443 1257 3521 vti
1294 3426 1441 3540 uoffim,
1475 3442 1696 3545 quartonfl
1849 3483 1854 3492 ⁴

69 3568 202 3644 addere
234 3563 414 3652 voluerit,
443 3587 518 3638 uon
546 3565 697 3659 abnuo).
759 3565 961 3663 Propagare
986 3587 1061 3641 non
1086 3564 1328 3661 dedignetur,
1366 3575 1408 3644 vt
1430 3562 1501 3641 hac
1525 3566 1696 3645 videlicet

66 3684 207 3762 ratione
239 3707 360 3760 rerum
401 3682 568 3759 omnium
599 3683 782 3760 Dominus
829 3706 903 3758 nou
948 3682 1061 3761 solum
1092 3683 1312 3761 deuinmta
1354 3687 1470 3785 gregis
1492 3683 1552 3786 sui
1588 3686 1695 3764 nobie
1829 3743 1833 3750 -

67 3806 234 3883 omnibus
260 3802 431 3880 commisit
458 3826 531 3878 non
563 3803 739 3900 patiatur,
774 3825 901 3880 verum
925 3802 1039 3880 etiarn
1063 3803 1103 3878 in
1132 3805 1429 3900 augmentatione
1458 3806 1545 3884 boni
1572 3806 1694 3904 gregia

64 3927 240 4022 gaudeat,
266 3926 305 4003 da
337 3923 503 3999 laetetur.
560 3925 668 4009 Quod
692 3946 803 4023 quam
832 3923 912 3999 Deo
941 3923 1105 4001 summm
1134 3921 1177 3998 lit
1207 3933 1352 4018 gratum
1383 3925 1614 4024 obsequium,
1645 3923 1691 4004 R.

63 4048 104 4123 Ρ.
130 4046 168 4124 S
205 4044 337 4143 suoque
359 4042 555 4122 venerabili
580 4043 790 4125 Conuentui
811 4040 1070 4132 honorificum,
1092 4064 1202 4120 nemo
1227 4041 1296 4132 esi,
1318 4041 1381 4142 qui
1404 4042 1551 4122 nesciat.

161 4288 243 4371 Quo
267 4307 354 4363 vero
379 4281 608 4360 commodius
631 4282 671 4360 id
696 4280 772 4361 beri
797 4281 917 4383 poffit,
949 4280 1168 4360 ordinariam
1194 4278 1377 4359 Ordinarii
1407 4277 1483 4359 mei
1510 4273 1691 4364 Illustriffi·
1871 4303 1878 4315 ·

62 4407 116 4486 mi
139 4406 330 4493 videlicet,
360 4429 430 4481 nec
453 4427 529 4480 non
553 4400 849 4481 Reuereudiffimi
879 4401 1146 4502 Archiepiscopi
1175 4399 1434 4503 Sosisburgeostr
1457 4401 1497 4482 ἀ
1519 4403 1691 4503 peniffi·

61 4549 150 4604 uam
171 4525 358 4604 licentiam
390 4528 429 4605 dr
453 4547 526 4604 vna
558 4547 644 4601 cum
667 4521 745 4610 his
781 4521 840 4600 vel
862 4531 965 4625 ωηο
985 4522 1092 4601 breui
1110 4522 1187 4627 pou
1208 4521 1280 4602 har
1307 4525 1352 4600 R
1377 4522 1480 4602 aa.
1510 4523 1691 4619 recipiett

60 4648 187 4734 hirce·
213 4670 274 4727 me
299 4646 343 4723 R.
370 4644 584 4722 Patemitati
607 4640 691 4744 suae
711 4641 814 4722 velut
836 4620 933 4721 filius
954 4655 1178 4747 minuentem
1196 4642 1316 4720 Patria
1339 4653 1519 4743 eaoptana
1544 4643 1688 4725 vultum

58 4767 148 4848 licet
168 4767 353 4866 ignotus,
397 4769 611 4935 satorumque
649 4760 827 4943 precibu·
842 4765 1072 4842 commendo
1139 4763 1205 4849 Aa
1233 4759 1370 4847 Montes
1395 4784 1453 4862 ¹³·
1487 4762 1674 4844 Febmarii

801 4881 1080 4985 baa
1496 4976 1501 4987 ,
1574 4883 1689 4981 anuo
