4276 5670
693 388 1113 480 *ΜΦ
1638 397 1712 498 455

91 566 227 666 duxisse
251 567 289 641 in
316 538 479 665 pomario
501 564 924 669 Rauenrporgena5qoon
950 569 1019 663 aas
1033 568 1094 642 der
1116 565 1249 664 Kuppel
1269 572 1420 646 vocant,
1456 557 1639 656 aliumque
1664 556 1711 629 ad

90 710 154 761 eas
170 686 343 761 admisisse
358 687 565 773 neminem,
587 684 651 760 nist
668 685 728 783 qui
743 684 954 780 hujusmodi
972 686 1071 759 larua
1085 688 1200 760 tetius
1221 683 1424 757 incedebat.
1473 681 1584 756 Auno
1608 683 1709 771 163&
1799 782 1805 789 ι
1855 708 1859 715 ’

92 827 126 897 5.
147 805 225 902 Jan.
250 807 423 881 Nonnulli
442 807 589 881 Patrum
614 805 813 878 nostrorum
838 827 859 875 e
884 806 968 899 suga
993 807 1038 880 ad
1065 802 1320 881 Monallerium
1345 800 1472 877 reuersi
1498 786 1590 873 sunt.
1638 797 1710 870 Cu·

88 923 165 997 lina
192 923 311 1000 clausa
328 925 395 1011 esi,
439 927 475 1002 dr
502 924 610 1022 coqui
634 923 848 1000 cumomni
878 922 1104 1019 suppellectili
1131 921 1331 1014 migrarunt
1356 921 1392 996 in
1423 919 1580 995 culinam
1612 915 1709 990 Con·

90 1055 246 1126 ventus,
284 1067 331 1118 ex
353 1066 425 1140 qua
450 1043 624 1140 deinceps
642 1055 718 1118 tam
740 1042 978 1128 Coauentua,
1009 1062 1118 1140 quam
1141 1040 1361 1145 hospites&
1381 1034 1634 1143 famuliuaulici
1659 1033 1709 1106 ci·
1734 1113 1736 1117 y

88 1160 165 1236 bati
191 1141 306 1237 sunt‘
355 1158 410 1236 ro}
436 1161 520 1260 Julli
547 1187 572 1235 e
597 1161 773 1238 cathedra
802 1162 919 1237 nostra
950 1160 1168 1254 praedicans
1206 1160 1432 1235 Lutlreranue
1465 1157 1572 1234 verba
1601 1151 1709 1238 fecit,
1839 1183 1845 1188 ·

88 1281 234 1377 quando
270 1280 465 1356 Bernartius
497 1284 534 1359 dr
560 1281 718 1379 Ernrflus
751 1282 926 1356 Wrimarir'
956 1281 1067 1355 Dares
1094 1279 1231 1376 aliquot
1260 1279 1417 1355 militum
1443 1274 1601 1353 millibus
1630 1273 1711 1348 Μο-

59 1398 280 1478 ‚casterium
309 1401 466 1477 nostrum
492 1412 751 1496 occuparunt..
797 1402 906 1477 Anno
942 1411 1045 1495 ¹⁶34·
1071 1425 1129 1498 η.
1155 1401 1235 1496 Jan.
1263 1399 1381 1496 primo
1410 1420 1519 1472 mane
1550 1393 1709 1494 Gustcaas

89 1517 240 1595 Hormus
265 1519 364 1594 mille
385 1518 569 1616 equitibus
594 1518 866 1618 sirrurnspargum
882 1519 1011 1594 irruafit
1032 1523 1069 1597 dr
1096 1519 1300 1617 Alsorffiam.
1348 1517 1452 1592 Ante
1473 1525 1614 1611 portam
1630 1513 1708 1587 Mo·
1734 1578 1740 1589 .

87 1636 229 1712 callerii
255 1638 391 1735 aliquot
409 1638 582 1734 Equitum
611 1650 754 1713 turmae
783 1638 943 1734 pluribus
969 1640 1069 1714 boris
1096 1663 1118 1715 a
1142 1641 1263 1715 media
1287 1633 1430 1713 circiter
1458 1635 1584 1731 quinta
1615 1631 1709 1707 sum·

86 1780 150 1833 mo
182 1781 266 1834 cum
295 1757 432 1833 silentio
457 1756 711 1844 consistebant,
744 1768 784 1833 vt
810 1756 916 1834 nobis
949 1758 1089 1835 exitum
1112 1757 1357 1834 occluderent.
1403 1756 1478 1829 Diu
1499 1752 1708 1828 dubitatum

87 1877 244 1951 Suecine
265 1856 443 1952 elsent'an
462 1875 685 1962 Caesariani,
708 1876 826 1951 donec
848 1879 1050 1983 aquodam
1071 1876 1290 1955 Altorffieusr
1310 1873 1439 1951 moniti
1460 1875 1598 1947 Succos
1618 1869 1709 1954 else,

87 2017 171 2070 cum
197 1995 501 2072 Reuerendiffimo
529 1995 572 2070 l).
599 1997 740 2072 Abbate
758 1995 919 2091 plerique
941 1997 1063 2093 paucis
1092 1999 1253 2092 exceptis
1277 1993 1463 2092 applicatis
1488 1994 1533 2066 ad
1562 2013 1730 2067 murum·

85 2114 182 2189 horti
209 2115 315 2191 noliri
334 2113 624 2207 (Hanshalden)
653 2113 771 2198 scalis,
796 2138 818 2187 e
841 2136 953 2191 manu
979 2114 1134 2193 hostium
1154 2116 1259 2215 elapsi
1282 2114 1373 2189 sunt.
1424 2115 1463 2186 P.
1487 2111 1605 2188 Petrus
1626 2110 1709 2183 Mo·

84 2234 165 2308 siror
187 2232 437 2318 oeconomus,
484 2233 547 2331 qui
570 2256 656 2309 cum
678 2234 833 2309 caeteris
861 2246 937 2308 nob
959 2234 1177 2329 auffugerac
1219 2249 1258 2314 vt
1280 2228 1624 2335 hostiumnonnihil
1648 2253 1707 2304 ce·

85 2352 188 2427 deret
213 2352 345 2436 furori.
391 2351 651 2450 quinquaginta
679 2354 820 2430 duabus
842 2351 941 2426 boris
965 2352 1171 2432 lumborum
1199 2354 1320 2432 tenuia
1350 2355 1390 2427 in
1413 2374 1505 2448 aqua
1529 2338 1590 2425 sub
1615 2349 1709 2425 rotie

84 2470 286 2547 molendini
313 2471 410 2548 sletit
439 2471 687 2572 absconditur,
742 2471 804 2568 qui
832 2471 892 2548 die
912 2471 1104 2550 Dominico
1131 2475 1297 2572 proxime
1331 2471 1488 2568 sequenti
1534 2488 1593 2559 29.
1625 2469 1707 2566 Jan.

85 2614 108 2665 a
134 2592 294 2686 quodam
318 2590 525 2667 Monasterii
546 2589 655 2666 nostri
677 2590 823 2687 pistore,
855 2591 918 2689 qui
943 2584 1116 2690 pecunias
1144 2596 1224 2671 suas
1247 2595 1381 2671 ibidem
1406 2587 1631 2668 absconditas
1650 2610 1705 2663 re·

82 2709 277 2807 quisiturus
299 2713 516 2796 aduenerat,
555 2712 635 2785 calu
663 2710 925 2806 deprehensus,
959 2713 996 2788 in
1023 2714 1208 2812 pristinum
1234 2716 1385 2800 dusius,
1406 2721 1578 2806 totusque
1601 2730 1623 2782 a
1645 2706 1708 2784 die

83 2828 185 2927 Jouis
211 2852 328 2926 vsque
355 2830 402 2906 ad
426 2827 621 2905 Dominica
639 2825 788 2921 ieiurrus
810 2829 849 2905 dc
872 2831 1001 2924 frigore
1025 2856 1120 2928 pene
1146 2833 1400 2917 exanimatus,
1438 2831 1519 2904 cibo
1546 2831 1584 2905 dr
1614 2839 1706 2924 potu

83 2948 239 3026 refertus
263 2947 452 3047 caloreque
484 2946 704 3045 refocillatus
738 2947 801 3023 est.
866 2948 923 3022 De
948 2955 1052 3026 cotie
1074 2952 1197 3049 postea
1220 2952 1293 3048 ipso
1314 2948 1509 3026 Dominico
1534 2947 1596 3023 die
1619 2969 1704 3023 cum

82 3069 165 3143 aliis
199 3069 351 3143 indutus
376 3064 789 3169 saecularibuaveltibuc
812 3068 972 3164 ligonem
986 3071 1158 3148 humeris
1181 3084 1328 3168 portans
1355 3066 1452 3166 quasa
1474 3067 1625 3162 glaciem
1650 3066 1705 3141 so·

79 3188 224 3264 luturus
248 3199 351 3261 extra
375 3196 515 3282 portam
539 3187 689 3272 duum,
722 3188 760 3265 dt
787 3191 929 3265 occulte
952 3190 1132 3267 dimissum
1155 3191 1203 3265 ad
1227 3189 1317 3263 alios
1339 3169 1557 3287 Brigantium
1588 3184 1705 3263 aussc-

79 3307 144 3402 git.
194 3306 421 3402 stupendum
444 3305 545 3385 sane,
569 3305 670 3402 quod
688 3303 823 3398 frigore
842 3320 920 3384 tum
945 3311 1123 3409 temporis
1143 3307 1373 3384 iutenbffimo
1396 3331 1471 3380 non
1491 3318 1591 3380 totta
1607 3306 1704 3383 obti-
1748 3373 1756 3389 ,

78 3425 207 3522 guerit.
256 3423 298 3498 P.
321 3423 479 3497 Placidus
499 3422 694 3523 Kqffiariag
719 3428 933 3512 Granarius,
971 3430 1008 3503 dr
1037 3454 1121 3506 cum
1144 3454 1188 3505 eo
1219 3427 1337 3502 Petrus
1363 3426 1468 3500 Ibesin
1505 3425 1615 3501 scriba
1640 3450 1702 3501 oe·
1843 3490 1847 3497 .

79 3544 274 3619 conomiae
297 3567 319 3617 a
338 3544 481 3618 duobus
500 3543 630 3618 Suecic
653 3545 1078 3644 comprehensr-pecunia·
1098 3548 1235 3646 spoliati
1260 3547 1300 3623 δι
1324 3547 1480 3622 vestibus
1503 3546 1601 3620 abire
1621 3569 1702 3640 per·

78 3663 284 3741 missisunt.
341 3661 381 3736 P.
407 3661 563 3764 oJoarrnrs
587 3662 698 3764 δρία,
732 3666 769 3741 dr
798 3664 837 3739 Ρ.
860 3665 1066 3768 Sebastianus
1093 3668 1173 3744 Luz
1198 3666 1350 3743 vestibus
1375 3665 1495 3741 induti
1518 3664 1701 3744 saeculari·

78 3789 145 3863 bus
175 3783 391 3880 Brigantiam
426 3804 570 3856 venere.
651 3782 692 3857 P.
724 3786 866 3860 lisurcus
895 3784 1033 3862 Sclmid
1068 3787 1222 3865 defensis
1251 3785 1352 3862 scalis
1390 3779 1485 3862 intra
1515 3787 1703 3884 proximas

77 3906 187 3979 aedes
218 3902 256 3978 dt
280 3923 427 3975 mtuum-
451 3899 492 3974 iu
517 3900 626 3978 horto
651 3925 673 3976 a
696 3902 819 3978 Sueco
839 3904 956 3980 milite
977 3907 1239 4004 deprehensus,
1274 3908 1362 3982 liare
1385 3905 1424 3982 dc
1454 3907 1555 4002 quis,
1577 3904 1699 4001 cujus»

77 4046 148 4120 que
173 4017 406 4096 conditionis
429 4018 537 4106 ellet,
573 4020 733 4095 indicare
756 4021 888 4117 jussus,
909 4048 998 4101 cum
1022 4028 1240 4122 Religicsum
1266 4025 1299 4098 k
1325 4024 1392 4098 else
1416 4026 1610 4112 fateretur,
1643 4024 1699 4119 di·

75 4142 198 4220 missua
223 4138 286 4213 est,
352 4138 594 4234 conspexerat
614 4139 725 4215 etiam
748 4144 1059 4240 &insequebatur
1079 4147 1177 4224 idem
1193 4144 1271 4241 'ipse
1295 4143 1401 4217 miles
1427 4143 1520 4217 aliua
1553 4167 1700 4241 quoque

75 4287 139 4360 per
160 4260 297 4356 plateas
321 4261 358 4335 dt
375 4257 502 4331 hortos
526 4258 783 4346 discurrentes,
815 4287 912 4359 quoa
936 4277 1162 4342 tamencum
1186 4266 1314 4340 itidem
1333 4263 1530 4358 Religiosoa
1551 4264 1618 4337 esse
1641 4265 1697 4340 in·

75 4379 281 4463 tellexisset,
314 4376 447 4451 liberos·
472 4377 570 4453 abire
592 4379 768 4474 permisit,
807 4382 924 4478 sicque
945 4381 1099 4478 iuuante
1119 4384 1197 4461 Deo
1224 4407 1287 4481 per
1308 4383 1464 4481 syrnos,
1495 4397 1640 4459 montes
1658 4384 1698 4460 dc

77 4502 199 4575 abdita
224 4496 362 4572 viarum
386 4494 627 4588 aulsrrgientea
652 4493 952 4577 tandem'omnes
974 4504 1152 4604 Brigantii
1174 4528 1390 4580 conuenere.
1450 4504 1607 4588 Quidam
1631 4503 1698 4578 ali·

76 4634 213 4719 quanto
237 4631 397 4710 tempore
422 4614 558 4692 ibidem
583 4618 763 4704 mansere,
794 4622 944 4709 anotie
963 4624 1003 4699 dr
1028 4624 1157 4702 etnicis
1186 4623 1259 4700 suis
1291 4622 1447 4723 recepti:
1486 4622 1627 4700 caeteri
1648 4624 1699 4701 aa

74 4742 112 4820 S
137 4741 315 4839 Joarraem
341 4730 612 4816 Veldliirchium
635 4739 784 4835 proteat
809 4742 905 4819 sunt.
932 4796 936 4803 -

171 4877 175 4886 ·
937 4859 1081 4941 Murro
1578 4864 1698 4942 llddit
