4276 5670
727 400 1148 490 ewen·
1306 358 1311 369 ’
1675 419 1752 499 ses

112 585 267 663 dabant,
289 577 433 677 eoquod
456 584 625 652 concreta
648 575 705 650 Ss.
723 575 921 670 Sanguinis
942 575 1050 651 malla
1074 587 1130 651 tot
1144 574 1363 651 saeculorum
1378 575 1498 660 cursu,
1522 575 1749 659 nuncetiam
1778 681 1783 687 .

109 704 224 778 libero
251 700 326 773 aeri
354 696 513 794 expobta
532 695 619 769 eiiet
643 698 867 782 conseruata,
893 719 961 771 nec
981 695 1096 770 ullum
1123 696 1385 771 detrimentum
1417 706 1482 770 aut
1503 697 1748 777 mutationem

24 864 30 879 ·
109 820 205 921 palla
230 818 357 894 liriliet.
408 818 511 902 Quae
533 837 593 893 res
616 813 708 888 haut
728 812 803 891 sure
827 814 992 913 prodigio
1016 813 1113 910 gesta
1136 812 1268 890 merito
1293 817 1516 894 credebatur.

112 1100 118 1108 ·
205 1058 317 1134 Anno
350 1077 452 1151 1737·
490 1077 544 1126 12.
576 1053 757 1130 Nouemb.
789 1055 835 1128 ad
866 1051 1099 1132 Celfiliimum
1133 1051 1402 1148 blarisburgum
1441 1052 1616 1149 perrexit,
1657 1015 1742 1130 cum
1891 1101 1892 1104 a

109 1204 155 1255 eo
181 1178 219 1255 dr
243 1178 279 1251 in
315 1175 395 1269 ejus
427 1170 626 1267 praeentia
659 1173 779 1252 adum
809 1172 1024 1253 vifitationis
1057 1170 1278 1250 Mouasticae
1310 1172 1349 1248 in
1381 1172 1501 1271 Aegio
1533 1173 1650 1249 Dicite
1663 1219 1672 1222 -
1685 1173 1743 1250 su·

109 1301 312 1398 scepturus,
337 1295 433 1392 quod
457 1291 496 1370 dt
516 1292 650 1369 sanum
674 1290 736 1368 est.

203 1529 285 1606 Hac
310 1529 436 1606 etiam
469 1527 654 1604 occafione
684 1529 783 1605 inter
811 1537 1055 1607 memoratum
1095 1530 1301 1628 Principem
1334 1527 1616 1625 &Episcopum
1652 1548 1739 1604 cum

108 1649 253 1726 Abbate
278 1649 397 1725 nostro
432 1649 479 1722 de
510 1647 671 1723 ferendis
702 1649 749 1723 ad
782 1648 994 1741 erigendum
1027 1650 1245 1744 Marisburgi
1277 1648 1497 1726 Seminarium
1537 1647 1738 1733 Cierimmm

97 1769 320 1869 scremlorinm
343 1765 512 1866 suppetiis
534 1768 655 1844 astum
681 1767 751 1852 est,
778 1777 887 1863 atque
911 1766 1007 1842 inter
1031 1791 1096 1842 eos
1118 1781 1260 1864 praeter
1284 1769 1462 1866 quasdam
1488 1767 1578 1841 alias
1602 1765 1640 1840 in
1667 1766 1737 1842 bas

104 1889 225 1983 Leges
251 1889 486 1965 Conuentum
512 1885 592 1961 suit.
660 1909 691 1961 1.
715 1886 841 1963 Abbas
870 1886 1152 1981 Weingartensrs
1182 1886 1341 1986 quinque
1370 1889 1590 1963 florenorum
1622 1883 1737 1961 millia

102 2011 152 2083 ad
176 2007 422 2083 Seminarium
446 2004 707 2082 instituendum
727 2028 796 2079 ceu
818 2006 957 2081 donum
982 2007 1181 2100 gratuitum
1211 2008 1382 2083 conferet.
1461 2029 1495 2079 2.
1521 2003 1643 2080 Titulo
1667 2004 1736 2079 Se·

101 2127 248 2207 minerii
280 2150 304 2203 a
336 2124 668 2222 Weingartensrbus
701 2124 872 2220 deinceps
906 2123 999 2202 vltra
1033 2125 1125 2201 nihil
1157 2126 1331 2222 exigatur.
1363 2182 1370 2189 .
1397 2148 1431 2218 3.
1455 2124 1546 2202 lllud
1578 2136 1733 2222 mortun

102 2267 291 2345 nunquam
314 2246 386 2322 alio
416 2245 500 2321 casu
523 2242 740 2320 Monaderio
773 2242 893 2318 nostro
926 2243 1189 2341 praejudicium
1219 2257 1329 2322 creet.
1395 2268 1431 2342 4.
1453 2244 1536 2320 Hae
1557 2241 1733 2342 pecuniae

104 2365 214 2442 nullis
247 2365 329 2442 aliis
362 2388 476 2464 quam
499 2362 694 2441 &minerii
727 2361 1102 2461 vfibus'applieeutur.
1168 2388 1203 2458 3.
1229 2366 1346 2441 Cenlu
1371 2388 1492 2440 annuo
1514 2387 1579 2460 per
1602 2365 1732 2439 decem

101 2500 167 2562 aut
183 2474 390 2563 'duodecim
425 2506 543 2558 annos
573 2482 688 2560 soluto
718 2481 872 2558 liberum
905 2481 949 2558 fit
979 2484 1197 2561 Monasterio
1230 2499 1294 2560 aut
1322 2485 1501 2562 summam
1538 2481 1731 2580 capitalem

100 2605 301 2703 persoluere
327 2617 392 2679 aut
416 2604 561 2678 censum
587 2625 650 2697 pro
674 2600 780 2677 libitu
804 2602 1028 2678 continuare.
1078 2610 1111 2681 6.
1138 2603 1180 2678 Si
1204 2604 1449 2681 Seminarium
1475 2606 1600 2699 (quod
1628 2602 1729 2676 Deus

99 2725 216 2819 nom>
242 2705 307 2799 aut
330 2722 507 2806 delinere,
535 2720 660 2795 autin
686 2721 839 2797 aliorum
861 2745 992 2797 manus
1017 2723 1206 2821 peruenire
1230 2724 1474 2818 contingeret,
1500 2721 1640 2796 summa
1669 2741 1728 2796 ca·

96 2844 220 2942 pitalis
255 2819 732 2927 monasterionerundaturss
793 2864 827 2938 7.
852 2841 892 2916 lu
926 2842 1165 2919 admittendis
1198 2844 1245 2917 ad
1277 2841 1522 2918 Seminarium
1553 2839 1727 2916 lllumnis

96 2960 291 3060 praecipua
328 2958 654 3054 weingartenfium
700 2958 939 3036 Subditorum
981 2962 1042 3036 sen
1079 2960 1356 3038 candidatorum
1400 2962 1583 3057 habeatur
1621 2959 1725 3055 ratio.

94 3085 231 3159 Atium
256 3081 395 3180 Hegrroe
420 3105 474 3154 πο.
500 3079 679 3155 Nouemb.
705 3075 1332 3183 a11n01737.30mmrFronnscm
1355 3079 1540 3179 Episcopus
1567 3079 1724 3179 Conslon·
1753 3157 1762 3167 ,-

95 3204 204 3302 tienfis
229 3199 269 3278 &
293 3200 514 3302 Augustanus.
565 3196 720 3297 Mpprm

95 3470 102 3483 ·
193 3439 335 3514 Eodem
360 3460 457 3512 anno
481 3435 598 3534 prima
623 3434 836 3512 Decembris
858 3435 918 3513 die
943 3437 1182 3515 Dominicnl.
1215 3438 1412 3514 Aduentus
1442 3436 1591 3514 Domini
1625 3437 1722 3514 circa
1831 3506 1840 3518 „

96 3558 329 3634 undecimam
355 3557 471 3634 noftis
504 3556 632 3632 horam
665 3556 849 3631 triilillrma
883 3557 970 3643 sese,
1008 3560 1178 3634 omnibus
1213 3559 1340 3663 'somno
1377 3557 1541 3655 sepultis,
1581 3542 1722 3655 aperuit

93 3679 226 3754 scena.
242 3665 436 3773 'Exortum
461 3674 632 3752 nimirum
656 3675 707 3752 est
730 3674 896 3750 'lenioris
925 3677 1064 3753 incuria
1088 3678 1130 3752 in
1164 3678 1360 3754 Conuentu
1393 3678 1720 3775 periculofiffimum

26 3834 33 3839 ·
93 3797 327 3886 incendium,
351 3821 424 3894 quo
448 3806 568 3871 totum
593 3795 849 3871 Monallerium
871 3817 958 3871 cum
975 3799 1020 3872 ob
1043 3798 1204 3874 locorum
1232 3797 1429 3893 angullias,
1452 3810 1530 3875 turn
1557 3799 1719 3876 obtenti
1868 3856 1872 3863 ·

92 3919 312 4016 quandoque
335 3916 458 4010 llantis
482 3914 660 4012 impetum
684 3915 721 3989 in
749 3937 874 4010 rogum
890 3915 1139 4011 redigendum
1170 3918 1377 3993 timebatur.
1442 3917 1496 3994 At
1519 3919 1588 3993 Dei
1615 3920 1718 3996 mise·
1858 3928 1883 3945 '²

86 4036 248 4113 'ricordia
271 4035 452 4111 clamante
477 4055 540 4132 pro
565 4035 671 4110 nobis
697 4035 745 4110 ad
774 4034 917 4110 coelum
950 4036 998 4109 Ss
1034 4035 1218 4131 Sanguine
1250 4036 1382 4111 Chrilli
1412 4037 1540 4112 semati
1573 4037 1719 4122 sumus.

83 4155 422 4241 ‘exustoduntaxat
454 4178 526 4231 vno
557 4153 772 4229 Scholarum
805 4157 918 4230 tratiu
940 4177 963 4229 a
988 4167 1089 4252 porta
1120 4157 1334 4230 Conuentus
1368 4158 1414 4231 ad
1446 4156 1652 4235 inferiorem
1681 4160 1731 4260 le,

89 4277 241 4351 hortum
267 4275 516 4370 protendente.
576 4274 728 4352 Viorum
753 4275 844 4349 haut
869 4275 975 4371 pauci
1004 4274 1248 4350 testimonium
1276 4276 1419 4360 dixere,
1455 4287 1605 4351 ventum
1629 4277 1717 4352 data

91 4417 140 4469 ex
163 4391 311 4490 Capella
334 4394 371 4468 S.
388 4390 608 4472 catharinae
632 4416 716 4469 curn
741 4395 799 4469 Ss.
822 4391 1008 4488 Sanguine
1030 4405 1157 4469 contra
1174 4393 1302 4489 ignem
1327 4395 1575 4473 benedittlone
1600 4394 1714 4472 subito
1742 4398 1748 4409 '

79 4511 499 4596 'consedille..Durauit
523 4498 795 4589 incendium‘in
821 4513 974 4588 alterum
996 4535 1111 4610 nsque
1137 4514 1252 4596 diem.
1291 4515 1337 4589 ad
1360 4539 1470 4612 quem
1492 4515 1713 4613 restinguen-

14 4616 20 4625 ’
91 4630 180 4706 dum
204 4629 242 4740 dt
265 4653 313 4705 ne
336 4630 485 4707 *alterius
512 4624 664 4728 serperet
687 4633 991 4731 praepediendum
1003 4644 1146 4730 praeter
1169 4633 1308 4709 nostros
1329 4658 1474 4732 operam
1499 4635 1598 4711 suam
1611 4656 1713 4730 egre·
2057 4727 2061 4737 Ι

89 4747 151 4845 gie
174 4750 404 4829 contuderunt
428 4749 539 4830 vicini
559 4749 836 4841 Altdorffeuses,
861 4751 1140 4847 Albaugienles,
1160 4751 1402 4847 Baindeusee,
1434 4753 1598 4855 inprimis
1625 4776 1712 4831 vero
1810 4783 1817 4794 ·
1866 4824 1873 4829 .
2031 4760 2063 4789 ’·

786 4994 789 4998 ¹
909 4869 1007 4954 Zzz
1561 4874 1709 4959 Rauen·
1776 4889 1793 4925 -“
