4276 5670
413 378 488 464 410
1016 366 1433 461 emme

279 604 282 609 .
415 545 515 620 ctiam
541 568 612 618 uun
637 540 758 618 Vicina
782 539 833 617 D.
857 531 1106 641 Fu'ggeronon
1131 549 1252 642 quieuit
1285 572 1452 644 omnum,
1488 574 1546 622 ncc
1571 545 1725 644 quiescet,
1754 544 1819 643 sed
1841 544 2043 622 durantibus

419 663 570 742 Condtiis
583 661 740 763 suspenso
764 662 932 738 duntaxat
960 662 1161 758 aliquamdiu
1183 669 1265 762 suit.
1330 666 1518 763 Numquam
1547 665 1732 766 cesserimus
1757 690 1817 738 nos
1841 692 1961 764 urgere
1986 693 2045 758 neq

416 785 541 884 gotium
564 807 627 880 per
654 782 863 857 intermedius
885 779 1058 879 personas,
1082 807 1126 856 ex
1151 781 1265 879 quibus
1293 789 1488 885 praecipuus
1503 788 1577 883 finit
1607 784 1655 861 D.
1685 781 1793 869 Rotb,
1825 787 1882 883 qui
1903 799 2044 884 propter

414 899 614 1000 absentiam,
641 903 787 997 quamuis
816 898 863 974 ad
890 897 994 996 ipsum
1019 897 1238 999 Ratisponons
1261 903 1470 1002 scripserim,
1499 901 1582 977 nibii
1605 928 1808 1002 proponere,
1836 930 1894 976 nec
1921 906 2043 1001 efficere

413 1023 525 1122 potuit
550 1019 641 1118 apud
665 1017 977 1117 Reuerendiffisnrnn.
1038 1018 1107 1093 His
1130 1034 1236 1096 autem
1259 1026 1403 1121 prinsnm
1425 1019 1572 1109 Diebus,
1610 1025 1763 1097 nimirum
1786 1045 1818 1094 2.
1843 1018 1940 1121 injur
1963 1022 2044 1098 Lit-

418 1154 508 1217 teras
528 1135 676 1235 Dilinga
702 1136 744 1211 ub
772 1136 842 1236 ipss
874 1136 1148 1234 aescpi,quibns
1169 1143 1392 1239 fignificauit,
1428 1139 1729 1241 Reuerendifflmum
1761 1137 1811 1214 D.
1840 1136 2044 1238 Episcopum

418 1260 465 1338 od
486 1259 585 1359 sesam
615 1259 802 1360 instantiam
830 1254 973 1355 annasse
1002 1256 1104 1331 oliam
1133 1259 1381 1336 nonsadioncm
1400 1262 1593 1360 pacificam,
1613 1261 1646 1357 fi
1670 1283 1741 1331 curn
1768 1254 1879 1332 debito
1899 1257 2044 1359 srsbnris·

411 1383 503 1487 sone
532 1390 698 1477 petamus,
724 1374 789 1470 (ut
813 1378 914 1450 moris
937 1378 1004 1476 es)
1030 1379 1190 1477 instituere
1215 1379 1321 1462 veile,-
1357 1381 1444 1477 qrsod
1471 1379 1597 1476 quidem
1622 1379 1731 1474 primo
1757 1401 1876 1481 moquc
1901 1389 2045 1475 ternpore

412 1501 487 1602 set.
539 1495 646 1575 Faxit
674 1493 787 1581 Deus,
813 1506 851 1569 ut
866 1519 918 1568 res
943 1491 1020 1570 bene
1033 1494 1207 1594 succedat,
1230 1522 1271 1571 ac
1296 1484 1365 1572 taen
1380 1496 1564 1598 peruiciosa
1584 1494 1627 1573 it
1650 1495 1805 1571 diuturno
1826 1499 2046 1596 controuerso

420 1621 509 1696 citra
530 1602 766 1715 praeiudicium
785 1613 979 1715 Monaserii
993 1612 1088 1714 busur
1111 1629 1331 1715 conponatur.
1358 1615 1499 1709 SitDics
1515 1615 1556 1698 it
1575 1616 1665 1690 iocus
1688 1615 1923 1714 compassionis
1952 1610 2047 1711 uobis
2098 1711 2101 1717 ι

419 1737 589 1838 prassinus
600 1734 731 1832 suerit,
758 1735 1066 1821 nonintcrrnittam,
1091 1738 1169 1831 quin
1183 1739 1298 1839 statim
1323 1733 1544 1812 Seuercntiam
1558 1749 1648 1812 mons
1666 1740 1794 1832 ejusque
1803 1731 2047 1810 Concedarium

421 1857 472 1934 D.
509 1851 741 1936 Etnncroam
775 1853 928 1926 certiores
957 1852 1103 1929 reddam.
1129 1852 1167 1947 f)
1234 1856 1369 1934 Verum
1395 1857 1491 1930 hanc
1521 1852 1798 1947 controuersiam
1827 1850 1874 1925 ad
1904 1874 2046 1931 annum

420 1997 534 2073 esque
566 1979 671 2070 1⁶¹4·
697 1969 854 2054 durasse,
883 1969 922 2046 δι
949 1981 1028 2049 tum
1060 1970 1216 2070 primum
1245 1995 1309 2070 per
1343 1973 1559 2050 sententium
1578 1973 1755 2049 camerae
1782 1970 1985 2066 Imperinlis
2007 1973 2049 2050 in

265 2091 267 2097 ’
371 2160 376 2177 .
422 2090 630 2174 Monasterii
654 2091 818 2166 fauorem
843 2088 999 2185 decisam
1026 2089 1127 2168 fuine
1148 2115 1197 2167 ex
1219 2092 1424 2170 domesticis
1451 2089 1907 2185 monumentisldiicimus.

518 2291 632 2409 Anno
659 2334 762 2437 lbob.
792 2349 850 2422 23.
876 2325 1028 2424 Augusti
1053 2320 1233 2409 Heinricur
1262 2334 1413 2433 Dopiscr
1439 2335 1473 2408 in
1506 2330 1688 2430 Waitpurg
1716 2328 1811 2404 datis
1846 2325 2050 2431 Woiffcggii

424 2452 574 2530 Litteris
590 2451 784 2561 'Abbatem
809 2446 969 2523 nostrum
992 2459 1114 2543 rogat,
1137 2451 1319 2550 quatenus
1341 2450 1551 2528 consiliario
1572 2449 1631 2525 suo
1656 2447 1694 2525 δι
1714 2445 1877 2545 Syndico
1899 2447 2051 2539 Defieri

427 2573 576 2651 Alberto
603 2566 781 2645 Eucrirord
808 2566 867 2642 die
897 2590 950 2641 ro.
973 2567 1199 2663 Septembris
1234 2571 1409 2671 Weidscae
1435 2567 1687 2668 comparendi,
1720 2566 1759 2647 be
1785 2587 1907 2641 coram
1939 2566 2055 2644 Arbi·
2097 2580 2105 2617 ¹

278 2738 294 2755 e
427 2693 495 2768 tris
518 2691 563 2766 D.
587 2687 815 2791 Cbrisiapboro
843 2683 948 2765 Toum
970 2712 992 2762 o
1014 2687 1176 2790 Neuburg
1207 2688 1375 2766 Teutonici
1403 2689 1541 2766 Ordinis
1572 2684 1853 2774 Comnundotors,
1887 2690 1948 2763 seu
1973 2691 2052 2769 Ad·

427 2807 667 2889 ministratore
689 2805 728 2880 in
752 2804 973 2909 Aitsbousen,
1000 2806 1039 2884 bt
1065 2808 1218 2887 Dottore
1240 2809 1345 2886 Maior
1373 2839 1397 2885 a
1422 2806 1706 2906 Setworzenberg
1731 2803 1909 2880 Camenae
1940 2791 2052 2886 Oeniss

427 2940 609 3032 pontense
638 2925 836 3010 confiltuto
867 2925 912 2998 ab
942 2924 1149 3007 Archiduce
1178 2930 1423 3008 Muxisnitiano
1452 2929 1626 3024 delegatis
1657 2924 1810 3014 Causam
1836 2926 1936 3002 suam
1964 2953 2052 3008 con·

426 3056 484 3128 tra
525 3043 773 3170 Vniuessstutis
814 3043 1042 3147 Fribnrgenss
1085 3048 1260 3147 postulata
1304 3050 1523 3128 defendendi
1574 3046 1717 3144 copiam
1754 3041 1875 3141 ‚facere
1905 3047 2053 3147 ¹digne·

356 3259 358 3265 .
425 3179 484 3248 tur
507 3172 559 3266 a·
1649 3174 1652 3183 '
1807 3200 1813 3213 ¹

523 3405 634 3483 Anno
663 3408 765 3490 soon.
791 3372 1243 3506 Magistratus,sciuesqi1e
1280 3406 1480 3508 Wongcnses
1506 3410 1540 3481 se
1566 3433 1588 3484 a
1613 3415 1788 3510 quadam,
1824 3354 1898 3516 quis
1923 3352 2052 3493 Moriu-
2102 3458 2106 3467 ,

429 3523 535 3602 sterio
559 3525 606 3617 ad
630 3521 668 3599 S.
699 3522 834 3602 Gallum
868 3524 1108 3620 subjacebant,
1136 3527 1304 3603 seruitute
1328 3528 1530 3612 liberaturi,
1557 3532 1752 3627 Georgium
1782 3536 1967 3614 Abbatem
1990 3561 2051 3611 no-

428 3642 538 3718 fflum
562 3640 725 3726 adibant,
750 3643 927 3738 praenati,
963 3645 1299 3731 reconciliatoris,
1333 3648 1411 3731 seu,
1435 3660 1475 3724 vt
1498 3649 1604 3744 vulgo
1627 3653 1746 3746 ajunt,
1780 3655 1996 3731 Mediatoris
2015 3654 2051 3729 in

260 3762 279 3867 ’ῃ
429 3763 464 3842 se
500 3760 669 3860 suscipere
707 3761 866 3838 officinm
899 3763 996 3840 velit.
1052 3764 1160 3862 Justis
1198 3766 1312 3841 deetie
1345 3768 1509 3865 precibus
1537 3792 1606 3843 nec
1643 3771 1773 3856 voluit,
1814 3797 1884 3850 nec
1921 3775 2049 3870 poturit.

430 3883 548 3968 Quare
582 3902 665 3985 cum
691 3881 904 3979 Secretario>
928 3881 989 3958 suo
1018 3880 1200 3987 Joocbinro
1233 3885 1341 3982 Fres,
1388 3889 1425 3965 bt
1470 3886 1610 3991 ρῗοαηηε
1652 3890 1824 3967 Krcncbcii
1869 3892 2052 3991 Deputato

429 4001 622 4097 Wangenfi
647 3998 694 4076 ad
728 4000 766 4076 S.
793 4002 939 4080 Gallum
972 4002 1134 4088 delatus,
1167 4026 1243 4081 rem
1267 4018 1340 4106 'pro
1362 4007 1457 4083 artta
1486 4006 1546 4082 sua
1575 4029 1659 4084 cum
1698 4011 1843 4088 Abbate
1875 4010 2053 4089 Bensosdo

430 4120 684 4200 necessitudine
706 4146 750 4197 eo
773 4123 940 4209 deduxit,
967 4134 1006 4199 vt
1031 4123 1217 4219 negotium
1240 4123 1405 4224 proximo
1430 4148 1525 4200 anno
1550 4127 1736 4227 utriusque
1763 4131 1881 4206 Partis
1909 4131 2053 4226 gaudio,

326 4306 328 4311 .
432 4245 469 4321 or
491 4240 671 4341 reciproca
700 4241 939 4334 gratulatione
960 4242 1207 4319 absoluerunt.
1271 4243 1471 4343 illczngcnser
1507 4245 1639 4323 Abbati
1675 4250 1792 4324 nostro
1825 4251 1986 4345 Georgia
2016 4250 2054 4324 in
2095 4315 2096 4318 ,

389 4424 395 4434 ,
430 4363 524 4458 grati
549 4359 661 4436 animi
695 4357 851 4458 fignum,
885 4360 1054 4436 Nominis
1085 4359 1136 4434 sui
1171 4363 1580 4459 Patronum'Augustae
1616 4366 1888 4446 Vindelicorum
1916 4388 1967 4446 ex
2003 4392 2055 4445 ur·

430 4493 542 4580 genta
570 4477 697 4561 solida,
722 4502 837 4576 eoque
866 4479 1045 4577 puriffimo
1074 4481 1190 4556 fusum
1217 4480 1256 4560 δε
1276 4480 1461 4579 perpulcre
1486 4482 1725 4574 elaboramm,
1750 4488 1814 4586 qui
1842 4512 1928 4586 475.
1953 4490 2055 4566 flore·

322 4646 330 4663 .
432 4602 491 4680 nis
519 4598 705 4684 constitit,
726 4601 764 4677 bc
794 4583 890 4673 inter
916 4599 1175 4708 supelieffilem
1205 4602 1341 4679 sacrun
1379 4603 1498 4679 adhuc
1528 4607 1774 4713 conseruntur,
1817 4611 1915 4685 anno
1953 4617 2055 4687 rbro.

1976 4752 1997 4803 C

476 4843 510 4925 s)
537 4841 616 4906 Tun·
637 4861 690 4924 29·
705 4837 761 4924 sa.
781 4849 855 4924 583·
877 4840 916 4912 tt
942 4843 1021 4908 rm.
1043 4836 1164 4928 eust·
1186 4861 1271 4927 oa·
1303 4844 1307 4851 '
1347 4841 1386 4928 et
1412 4841 1493 4911 Ten·
1513 4838 1637 4927 sodet·
1659 4863 1737 4931 395·
1768 4843 1770 4847 ’
1938 4922 1944 4927 .
1984 4751 2056 4947 ,im
