4276 5670
706 392 1122 482 ifflfflmr
1387 474 1398 489 ,
1657 405 1720 456 ¹¹¹

118 552 124 564 ’
195 569 236 644 ln
264 569 333 644 hac
357 568 501 666 vespera
525 567 590 642 nisr
613 565 741 643 festum
764 549 838 642 ΧΠ.
866 570 946 646 sesi.
979 569 1035 644 ves
1058 573 1282 660 anniuersarias
1304 568 1413 668 festiue
1434 568 1574 660 fugendos
1607 563 1721 659 impe·

93 689 179 765 diat
204 689 276 765 hoc
296 688 508 772 inchoatur,
534 699 572 760 ut
599 695 731 760 omnium
750 691 915 788 nostrorum
930 689 1140 781 familiarium
1159 667 1365 777 defmrrliram
1385 692 1527 760 memoria
1554 683 1624 758 hoc
1641 707 1719 757 mo·
1752 729 1768 747 --

92 809 147 882 do
168 821 315 902 agatur:
352 807 392 881 In
420 808 547 905 primis
578 806 653 904 post
685 804 848 902 vesperos
884 810 930 884 ad
950 811 987 882 S.
1013 808 1169 884 Mariam
1201 806 1332 902 vesperi
1366 829 1428 901 pro
1454 803 1721 889 defundimus

91 939 306 1015 cantantur,
346 926 385 1003 δι
419 925 538 1023 postea
563 928 609 1001 ad
638 924 797 1001 officium
827 924 866 1002 &
893 927 931 1001 in
963 928 1112 1003 crastino
1155 930 1202 1003 ad
1229 927 1384 1021 priorem
1423 923 1561 1001 missum
1595 923 1719 998 omnia

89 1046 194 1142 signa
218 1046 418 1143 pulsantur,
443 1046 481 1122 &
507 1068 571 1141 per
600 1042 839 1139 septenarium
869 1049 1098 1122 conmuniter
1114 1049 1295 1140 agendum
1316 1049 1411 1120 oeriu
1439 1068 1504 1116 meo
1523 1066 1587 1139 per
1605 1042 1719 1127 XXX,

89 1166 177 1243 dies
200 1166 279 1264 post
299 1178 427 1242 matut.
454 1189 518 1262 pro
540 1165 595 1239 eis
616 1175 802 1250 cantatur,
829 1167 867 1244 dr
893 1189 956 1263 per
979 1169 1129 1242 eosdem
1146 1170 1297 1269 pretende
1321 1175 1365 1240 eis
1388 1189 1451 1239 vro
1471 1168 1575 1238 datur.
1602 1163 1719 1251 ‘sz

88 1289 188 1361 dcciiii
215 1289 489 1384 pauperorum
514 1283 704 1378 rosciomur.

501 1510 747 1623 funin
803 1544 904 1677 ¹¹¹·,
963 1547 1157 1623 Posi
1214 1545 1310 1622 xu.

187 1736 344 1835 Antiph.
368 1737 490 1811 Domus
514 1762 581 1813 mro
631 1780 680 1795 -
727 1780 777 1793 —
826 1739 989 1814 inomni
1016 1740 1104 1815 feria
1131 1740 1202 1815 1111.
1230 1711 1486 1833 &vt'huJus
1517 1737 1715 1837 quadrage·
1850 1741 1858 1758 '

86 1855 179 1933 fime
200 1856 264 1931 nisu
295 1854 362 1931 smt
384 1857 459 1932 XIL
503 1857 580 1935 lest.
613 1871 766 1955 excepta
805 1883 949 1958 quoque
978 1861 1067 1935 feria
1100 1861 1187 1965 1111..
1205 1862 1270 1956 posi
1298 1868 1436 1956 palmas,
1468 1859 1543 1954 poll
1576 1879 1712 1931 nonam
1787 1856 1790 1871 '

87 1993 227 2052 exeunt
255 1978 383 2053 fratres
408 1978 455 2052 de
481 1977 627 2052 ecclesia
652 1982 688 2056 dr
705 1981 742 2074 se
771 1982 961 2073 discalciari,
996 1980 1151 2079 lotisque
1175 1982 1344 2056 manibus·
1372 1980 1528 2055 redeunt
1562 1979 1607 2052 a'd
1635 1999 1715 2075 pro·

87 2097 291 2172 ceffionem.
357 2098 458 2172 Tunc
482 2112 606 2171 autern
629 2098 749 2172 oracio
784 2122 855 2172 non
884 2100 1121 2196 premittitur,
1163 2101 1219 2180 sed
1253 2100 1397 2196 pulsatis
1430 2100 1572 2174 duobus
1606 2094 1714 2189 fignis

86 2217 288 2312 imponitur
305 2217 463 2314 ¹lintiph.
491 2218 620 2310 Exurge
641 2220 757 2290 domim
781 2260 828 2273 -
856 2219 958 2293 surita
984 2219 1083 2294 missa
1110 2221 1293 2318 postquam
1322 2219 1440 2294 oracio
1475 2221 1610 2314 agitur,
1643 2216 1713 2289 sra-

86 2349 165 2411 tres
189 2339 237 2412 ad
262 2339 459 2414 leuandum
489 2339 527 2414 dr
550 2335 776 2412 calciandum
808 2352 960 2422 exeunt,
1000 2362 1158 2436 moxque
1182 2338 1329 2423 reuersi,
1370 2341 1461 2413 Deus
1481 2344 1608 2412 auribus
1637 2359 1711 2411 roo·

86 2469 169 2534 tmr.
218 2460 328 2544 Quod
358 2459 382 2533 fi
414 2459 506 2532 sorte
546 2455 584 2529 in
612 2455 766 2530 crastino
797 2458 926 2535 festum
954 2459 1030 2534 XII.
1068 2460 1382 2536 rememoratum
1413 2461 1533 2535 sumus
1565 2467 1713 2555 propter

85 2578 157 2656 hoc
176 2577 515 2658 manumittimus,
541 2574 630 2672 quin
657 2574 863 2653 oracionem
894 2603 964 2675 que
1000 2581 1048 2655 ad
1080 2580 1244 2678 vesperos
1278 2581 1441 2681 precedit
1465 2582 1556 2656 mdis
1585 2580 1711 2675 pedibus

87 2723 161 2774 non
184 2710 309 2776 tamen
329 2699 506 2796 procidendo
529 2717 689 2790 agamus.
738 2738 789 2752 -
836 2739 886 2754 -
935 2740 985 2755 -
1498 2699 1503 2709 '

452 2977 875 3068 SABBATO
943 2984 1164 3071 POST
1229 2918 1402 3070 XL.x

136 3218 140 3223 ·
176 3234 227 3252 -
273 3232 325 3248 -
374 3189 473 3281 Ordo
499 3189 547 3264 ad
570 3188 708 3265 missam
734 3192 935 3288 requiratur
960 3191 997 3265 in
1022 3193 1180 3272 Sabbato
1202 3194 1278 3269 xit
1298 3194 1375 3270 test.
1398 3190 1435 3265 in
1461 3192 1623 3267 aduentu
1644 3189 1709 3262 do·

91 3311 193 3399 mini,
216 3302 289 3388 sioc
316 3324 462 3386 tantum
485 3310 544 3384 hic
571 3312 745 3396 variatur,
777 3314 872 3409 quod
899 3334 1016 3395 nona,
1057 3314 1116 3388 cui
1142 3314 1180 3390 dr
1207 3314 1356 3390 ministri
1383 3312 1506 3388 altaris
1532 3312 1594 3386 soli
1625 3314 1708 3385 ‹leol-

92 3437 149 3507 lati
163 3438 257 3528 fimi,
282 3443 354 3506 ante
378 3431 494 3528 mrffom
523 3444 699 3505 cantatur.
769 3431 870 3506 Idem
895 3456 1038 3530 quoque
1064 3433 1213 3509 ministri
1236 3448 1324 3509 tunc
1359 3436 1476 3508 eciam
1509 3432 1598 3508 sicut
1625 3454 1705 3528 pre·
1771 3502 1775 3511 .

93 3552 218 3630 dilium
244 3551 294 3628 eu
314 3576 388 3625 non
416 3565 553 3626 exeunt
576 3553 622 3626 ad
649 3551 799 3648 psalmos
814 3575 918 3648 quos
946 3558 1092 3656 pistori
1117 3555 1283 3630 canimus
1312 3555 1424 3629 finiris
1450 3553 1591 3628 eisdem
1616 3549 1705 3647 psal·

94 3674 158 3747 mis
178 3670 330 3769 pnlsacio
352 3671 451 3745 misse
481 3673 715 3769 subsequitur,
741 3671 913 3768 simulque
935 3678 1056 3748 otiores
1078 3676 1116 3752 δι
1143 3687 1280 3751 rumores
1304 3661 1516 3751 vestiuntur.¹
1567 3673 1608 3747 ln
1633 3670 1704 3746 huc

96 3789 158 3865 sola
182 3791 259 3868 vice
288 3793 335 3865 ad
359 3815 514 3888 ymnum
545 3793 655 3868 trium
678 3815 871 3887 puerorum
899 3795 1041 3872 canitur
1075 3838 1125 3851 -
1162 3797 1343 3870 uenerem.
1392 3794 1475 3870 Post
1501 3794 1556 3871 VI.
1584 3791 1704 3887 majus

100 3908 195 3984 uitare
227 3924 451 4009 preparatur,
491 3917 529 3990 dr
558 3912 651 3988 salia
678 3926 764 3986 ante
795 3913 958 4007 vesperos
988 3917 1158 3991 oracione
1190 3923 1291 3991 uelim
1317 3919 1493 3990 Sunauorii
1513 3919 1702 3995 dimouemr,

102 4028 151 4103 sed
171 4053 279 4128 mque
302 4029 378 4128 post
400 4031 591 4106 crastinum
619 4032 894 4130 completorium
926 4058 986 4111 nm
1015 4044 1197 4114 remittitur.
1252 4037 1417 4119 Quando
1438 4034 1551 4130 Agrais
1574 4038 1622 4109 dei
1643 4012 1720 4112 inr¹

105 4144 233 4226 rhoatur
246 4150 351 4245 sorore
373 4151 644 4249 complicantur.
695 4195 744 4210 -
794 4195 843 4209 —
890 4195 940 4209 -
1287 4206 1290 4213 ⁴

341 4434 832 4533 n0m1N1cu
904 4439 1439 4560 nuumunvm.

181 4638 223 4704 -'-
268 4622 318 4705 ὲ-
367 4690 417 4705 -
466 4647 527 4722 Ad
550 4654 684 4744 priorem
722 4646 837 4746 mrffam
870 4662 941 4723 voa
968 4658 1111 4728 tantum
1147 4602 1266 4726 oracio
1297 4652 1451 4747 dicitur,
1493 4648 1696 4745 &legitur
1791 4731 1797 4738 ,

111 4768 330 4864 euangelium
353 4768 552 4848 [mundum
583 4766 704 4852 lucam
735 4771 812 4846 Gan
840 4770 1092 4871 appropinquastis
1125 4767 1395 4876 Jrfir'rssrtsrfagt
1426 4776 1471 4863 8
1495 4766 1692 4850 Bellmriom.

1582 4890 1692 4972 Hauc

1610 5014 1624 5053 Ι
