4276 5670
7 404 17 425 ·
217 369 314 471 ἰι
693 402 696 412 ·
872 377 1293 473 *mnae

114 619 116 623 .
270 556 318 634 ad
344 575 481 634 annum
508 574 623 654 usque
655 566 755 653 ¹¹38·
788 556 912 655 itaque
938 548 1124 642 Amoldus
1147 566 1233 633 ante
1257 553 1409 633 Annum
1442 573 1546 647 ¹139·
1598 552 1707 630 Veneni
1727 551 1889 648 regimen

236 700 343 758 ,uon
372 676 473 751 adiit
547 674 724 751 utnulla
755 675 806 751 est
831 676 922 751 haec
949 675 1282 772 consequuti03vt
1310 671 1409 747 enim
1433 672 1511 767 jam
1540 670 1635 757 dlxi,
1683 673 1888 750 Gottfridus

127 867 131 871 .
198 772 206 779 ’
267 799 373 871 eunus
399 805 543 871 tantum
563 803 642 868 erat
664 793 702 870 in
728 794 928 883 Abbatemr
959 805 998 871 at
1022 794 1267 870 Praesulatum
1289 814 1488 891 numquam
1508 792 1621 877 adiit,
1654 791 1800 866 Hunno
1825 795 1889 866 Sc·

262 919 354 1012 pcrbo
378 914 416 990 id
446 912 678 1012 prohibente,
718 914 761 1001 s?
784 923 902 1009 cogente
937 926 977 990 vt
1000 912 1188 990 Arnoldus
1217 909 1396 992 zwifulda
1426 910 1473 985 ad
1494 892 1729 1005 Weingarten
1762 910 1887 1012 Abbas

266 1029 449 1121 transiret„
487 1032 613 1129 ltaque
636 1056 719 1108 mea
736 1033 912 1129 opinione
938 1034 1048 1110 Anno
1070 1031 1191 1110 Seculi
1215 1030 1295 1107 XII.
1326 1027 1505 1124 trigesimo
1536 1028 1646 1104 tertio
1673 1027 1729 1104 vel
1758 1040 1888 1126 quarto

170 1182 174 1189 ¹
265 1152 348 1228 heic
368 1149 444 1246 jam
475 1151 639 1248 praefuit.
721 1151 1011 1229 commendatur
1041 1151 1141 1228 euim
1171 1174 1193 1226 a
1222 1148 1485 1253 Catalographo
1514 1147 1651 1237 nostro,
1693 1148 1790 1245 quod
1811 1170 1886 1257 ¹¹⁰.¹.¹

264 1268 374 1347 fuerit
399 1284 544 1346 tantum
567 1278 705 1366 egregius
726 1273 908 1365 construitur
932 1272 1104 1346 Sacrorum
1126 1269 1169 1357 ὃ
1192 1269 1381 1366 Lr'gncorum
1405 1269 1692 1351 Mrnumodorum,
1708 1269 1766 1365 scd
1786 1275 1888 1362 magis

259 1394 461 1488 pomparum
490 1393 648 1464 Virtutum
673 1397 707 1465 in
731 1394 908 1466 ΰιειιιίιίι.
957 1389 1000 1464 Si
1021 1400 1145 1465 autem
1169 1411 1266 1463 anno
1286 1412 1359 1466 vno
1378 1387 1434 1468 vel
1455 1386 1567 1462 altero
1588 1398 1733 1463 tantum
1752 1372 1888 1463 munus

265 1507 494 1584 Praelaturae
517 1507 804 1598 administrasset,
837 1506 1043 1587 aedilicium
1065 1508 1138 1585 vix·
1153 1507 1263 1584 vllum
1295 1507 1414 1584 moliri
1437 1497 1596 1583 valuilset
1628 1506 1723 1581 circa
1747 1529 1887 1583 annum

264 1652 350 1707 vero
377 1652 479 1728 1140.
509 1628 621 1726 ipsum
644 1627 721 1723 jam
746 1620 937 1712 decelbll‘e,
976 1649 1064 1703 mox
1087 1626 1272 1711 clarescet,
1306 1627 1397 1703 obiit
1425 1626 1485 1702 die
1521 1638 1574 1710 18,
1605 1625 1786 1708 Octobris,
1825 1622 1888 1707 seu

262 1747 342 1827 XV.
364 1747 549 1823 Kalendas
571 1746 799 1825 Nouembris.
826 1747 986 1845 Vtroque
1004 1744 1219 1841 Necrologio
1238 1743 1467 1824 Zurifuldensr
1483 1744 1521 1821 dc
1541 1744 1658 1820 nostro
1675 1744 1852 1823 testibus..

360 1911 632 1988 nertennaco
652 1922 815 2008 tempora
837 1925 1086 1990 memorantur
1110 1911 1150 1985 in
1171 1907 1308 1986 Codice
1329 1909 1568 1987 traditionum
1595 1910 1796 1987 Hermonnur
1816 1907 1884 1986 nt·

261 2031 499 2107 oes'seruiens
526 2030 668 2105 Heinrio'
701 2032 828 2106 lintris
856 2032 1006 2125 Wlfom‘s
1042 2033 1147 2108 Ducr'r
1180 2053 1265 2105 cum
1300 2031 1400 2104 onre
1426 2031 1617 2137 Luttgcrdo.
1694 2026 1889 2105 Werosaeruc

260 2148 420 2227 senueris
450 2148 599 2243 Wlfonb
624 2152 726 2224 Ducis
747 2151 848 2225 dedit
868 2153 1073 2248 praedium,
1098 2151 1201 2248 quod,
1222 2147 1351 2225 habuit
1370 2148 1408 2226 in
1440 2152 1603 2247 Vcnrgonu
1627 2151 1666 2227 in
1688 2148 1787 2238 loco,
1818 2149 1884 2251 qui

261 2264 396 2348 dicitur
417 2269 515 2356 sus,
540 2269 704 2345 concessu
725 2270 892 2367 ejusdem
915 2270 1066 2350 Domini
1087 2269 1151 2346 sul.

471 2524 481 2545 ·
598 2508 1072 2597 uuuuanuvs
1126 2460 1359 2598 nuans
1416 2506 1534 2595 vir.

358 2715 392 2772 ι
415 2688 518 2768 inani
551 2691 728 2790 Scrupulo
762 2702 935 2771 vexatum
970 2694 1040 2768 elle
1067 2693 1275 2790 scriptorem
1306 2684 1484 2799 Catalpgi
1506 2688 1632 2774 nostri.
1668 2702 1789 2770 rtrum
1817 2690 1880 2771 bic

258 2791 454 2887 Grbcbacdus
472 2812 672 2890 Abbatibus
692 2811 822 2889 nostris
844 2813 930 2890 esset
949 2809 1218 2888 accensendus?
1240 2809 1361 2886 elucet
1380 2809 1531 2895 exinde,
1558 2813 1654 2908 quod
1675 2812 1879 2890 etiamnum

256 2927 296 3007 in
315 2928 493 3007 Archiuio
511 2931 629 3007 nostro
648 2931 756 3007 Bulla
774 2931 975 3008 innocentii
996 2932 1037 3007 ll
1060 2935 1265 3010 adseruetur
1287 2927 1449 3004 adhunc
1473 2930 1655 3007 Abbatem
1674 2932 1759 3009 data
1780 2956 1879 3009 anno

261 3073 365 3148 ¹143·
395 3073 443 3124 ex
466 3072 537 3148 qua
558 3052 657 3126 Nota
680 3049 943 3147 Chronologica
969 3050 1109 3149 insuper
1130 3048 1285 3148 sequitur
1314 3047 1427 3144 ipsum
1459 3047 1553 3124 circa
1581 3073 1716 3125 annum
1752 3051 1878 3131 saitem
1923 3072 1926 3076 ·

121 3176 124 3181 ’
184 3215 190 3223 ·
260 3193 365 3268 1141.
390 3166 577 3275 regiminis
602 3167 746 3248 initium
773 3171 910 3255 secisse,
934 3193 1046 3269 quum
1060 3183 1224 3266 ternpore
1243 3188 1335 3265 opus
1356 3163 1467 3241 fuerit
1486 3167 1642 3245 Romam
1664 3170 1878 3267 perscribere

256 3286 295 3364 δι
315 3280 403 3363 inde
429 3285 720 3365 confirmationis
734 3288 882 3366 Bullam
905 3290 1084 3387 accipere,
1108 3311 1155 3363 ne
1178 3300 1300 3363 autem
1323 3283 1465 3379 funium
1487 3287 1713 3366 diuenditare
1732 3291 1877 3379 videar,

254 3405 363 3505 ipsus
385 3404 515 3484 Bullae
539 3407 687 3484 initium
705 3407 743 3484 dt
767 3405 877 3484 linem
901 3409 984 3485 heic
1012 3411 1139 3485 insero.
1185 3402 1306 3501 Hujus
1326 3400 1377 3480 eli
1396 3408 1553 3483 tenoris:

349 3592 585 3671 Innocentius
614 3584 810 3692 Episcopus
840 3595 976 3671 Seruus
1009 3594 1205 3673 Seruorum
1240 3589 1310 3667 Dei
1343 3587 1483 3668 dilettis
1520 3592 1622 3670 Filiis
1657 3584 1875 3674 Gebeliardo

250 3713 389 3793 Abbati
411 3713 627 3791 venerabilis
648 3713 852 3812 monasterii
872 3710 1155 3810 Winegartenlis
1178 3711 1329 3810 ejusque
1351 3709 1534 3798 Eratribus
1552 3715 1876 3811 tampresentibus

253 3858 363 3935 quam
387 3833 520 3910 futuris
547 3833 751 3929 regularem
770 3832 883 3910 vitam
911 3834 1045 3932 prolels
1047 3856 1066 3909 s
1093 3833 1376 3932 inperpetuum

346 4018 512 4118 Relrgros
515 4041 534 4095 s
558 4014 742 4096 desideriis
763 4020 912 4114 dignum
943 4020 993 4097 est
1014 3976 1159 4096 facilem
1185 3994 1330 4126 prebere
1352 3962 1580 4104 consensum
1625 4031 1667 4098 vt
1691 3960 1873 4103 Fidelium

159 4210 164 4219 .
250 4140 400 4223 deuotio
430 4141 584 4216 celerem
615 4138 781 4213 sortiatur
801 4139 985 4226 edesium,
1008 4141 1158 4234 proinde
1181 4140 1339 4219 dilesli
1329 4163 1365 4214 ιιι
1386 4141 1537 4217 domino
1560 4139 1624 4216 filii
1652 4141 1775 4216 vestris
1808 4166 1874 4240 po-
1932 4180 1937 4195 ι

248 4251 498 4341 siulationibus
521 4268 665 4353 gratum
685 4255 936 4354 impartientes
957 4256 1147 4345 allenlum,
1171 4281 1256 4357 prae
1261 4261 1372 4337 latum
1395 4261 1667 4345 monasterium,
1691 4263 1789 4359 quod
1814 4263 1873 4339 ni·

248 4382 383 4480 mirum
423 4381 468 4456 ab
497 4370 621 4453 illustri
646 4375 725 4451 viro
752 4378 846 4453 bone
875 4379 1136 4455 recordationis
1182 4382 1328 4475 Guelfonc
1361 4378 1452 4474 c'pfior
1485 4387 1540 4477 loci
1558 4382 1678 4474 fraudu
1679 4407 1727 4455 ore
1764 4383 1872 4460 beato

247 4502 356 4578 Petro
377 4497 536 4579 oblatum
561 4496 629 4580 eli,
655 4495 702 4571 ad
725 4496 908 4594 exemplar
928 4500 1212 4594 predecessorum
1237 4498 1435 4576 nostrorum
1467 4498 1583 4575 Vrboni
1604 4500 1795 4588 videlicet,
1831 4505 1870 4582 dr

247 4616 401 4692 Pascalis
421 4618 528 4693 beate
550 4615 725 4692 memorie
745 4615 992 4716 Romanorum
1015 4615 1265 4694 Pontificum
1255 4640 1292 4692 m
1314 4615 1476 4713 ejusdem
1501 4618 1751 4717 Apostolorum
1768 4622 1870 4708 Prin·

247 4737 337 4893 cipis
356 4734 415 4833 jus
437 4735 767 4835 protestionemque
789 4733 995 4833 suscipimus
1024 4737 1062 4814 dt
1090 4738 1278 4834 apostolice
1307 4737 1398 4815 sedis
1428 4742 1627 4836 patrocinio
1664 4736 1869 4818 communi·

1784 4884 1870 4941 mus

1941 3470 1949 3523 l
