4276 5670
399 297 496 459 raox
704 380 761 427 ν
894 310 903 329 ”
1000 362 1423 456 *omma

268 577 275 584 ·
399 539 480 617 sent
500 541 594 621 sorte
619 537 705 615 hinc
732 563 780 617 ex
811 538 905 615 meis
925 539 1106 619 Fratribus
1137 541 1211 616 duo
1240 541 1297 618 rel
1328 549 1407 616 ¹tres
1435 538 1483 616 ad
1502 545 1648 637 tenpus
1669 534 1946 625 subministrari,
1964 534 2030 636 qui

400 658 549 737 initium
567 658 835 736 reformationis
863 658 1043 746 iacerent,
1069 661 1366 738 &fundamenta
1395 658 1493 738 ritae
1520 658 1681 736 melioris
1709 681 1795 735 cum
1821 651 1896 732 Dei
1913 657 2030 752 gratia

401 793 596 880 ponerent,
619 773 781 856 inliitu'ta
799 778 923 856 saltem
958 779 1243 881 aliqua'Cqsuum
1267 781 1416 857 Letliooa
1465 819 1513 835 —
1563 777 1674 854 audio
1704 787 1889 879 praeterea
1914 779 2031 873 super·

402 899 472 978 effe
504 899 835 998 adhuc'quendam
864 897 1072 984 Nouitium,
1111 899 1174 975 nifi
1196 897 1342 977 interim
1372 899 1579 985 dilcelierit,
1614 908 1679 975 aut
1703 896 1865 982 dimilius
1891 898 2029 979 fueritr

401 1020 467 1119 qui
492 1018 516 1094 fi
540 1019 693 1114 alicujus
713 1018 799 1096 etiet
825 1017 1023 1095 indolis&
1049 1016 1205 1120 ingenii,
1234 1019 1394 1097 finiliter
1415 1019 1489 1096 huc
1517 1019 1742 1106 mitteretur,
1783 1017 1964 1114 acpollea
1989 1017 2029 1092 in

400 1138 529 1217 studiis
555 1139 694 1216 diutius
725 1161 872 1236 pergere
898 1138 1102 1214 sineremur:
1144 1150 1184 1217 vt
1212 1139 1269 1217 vel
1298 1162 1411 1219 vnum
1439 1140 1634 1226 haberent,
1670 1137 1733 1237 qui
1762 1137 1935 1235 praestare
1965 1134 2029 1212 ali·

400 1259 507 1359 quid,
531 1262 570 1341 dr
588 1259 649 1335 luo
673 1269 836 1358 tempore
858 1257 1018 1355 aliquam
1040 1257 1077 1332 in
1103 1259 1320 1335 Monalierio
1340 1258 1522 1336 Lrllfioncm
1540 1260 1672 1337 habere
1691 1256 1812 1357 pollet.
1875 1257 1916 1334 si
1937 1256 2030 1334 item

401 1401 451 1458 cx
464 1377 730 1459 maturioribus
756 1378 889 1474 aliquis
915 1377 1058 1476 Organa
1081 1377 1249 1465 disceret,
1285 1378 1452 1457 secularis
1481 1378 1786 1479 ladimoderatoris
1812 1376 1852 1456 δι
1880 1375 2030 1476 Orgonr'-

391 1507 465 1612 flor
485 1500 522 1576 in
545 1499 670 1576 locum
689 1500 752 1574 duo
777 1497 937 1601 Religiofi
957 1497 1210 1587 succederent,
1228 1499 1346 1598 plures
1366 1499 1495 1577 fierent
1518 1497 1685 1595 Religiolr
1706 1521 1771 1596 pro
1794 1497 1927 1594 majori
1948 1498 2029 1573 Mo·

401 1621 545 1699 nasterii
571 1629 786 1696 ornamento
807 1620 845 1697 dr
865 1618 1081 1716 Disciplinae
1103 1616 1307 1721 commodo.
1357 1620 1434 1696 Sed
1456 1620 1564 1696 cardo
1589 1618 1714 1704 reliat,
1737 1620 1834 1696 vnde
1860 1617 2030 1696 videlicet

400 1741 556 1842 pecunia
583 1737 795 1836 accipienda
821 1758 886 1836 pro
911 1749 968 1814 tot
992 1737 1141 1816 biennio
1166 1737 1205 1813 in
1230 1739 1357 1816 lludiia
1383 1737 1560 1816 alendiai
1619 1739 1700 1833 ligo
1725 1750 1823 1816 certe
1844 1762 1907 1837 pro
1933 1739 2028 1815 bono

400 1859 601 1958 Religionis
625 1861 663 1937 dr
691 1858 839 1934 Ordinis
860 1882 934 1933 non
954 1880 1122 1954 grauarer
1152 1857 1290 1958 aliquid
1313 1859 1557 1960 suppeditare,
1584 1871 1691 1957 prout
1715 1858 1827 1936 etiam
1850 1857 2030 1947 Monalie·

398 1980 455 2059 tio
473 1975 665 2061 Montis&
689 1979 826 2055 Mariae
847 1979 1110 2066 succurrimust
1143 1979 1204 2055 sed
1228 1977 1343 2055 obstat
1369 1980 1443 2076 jam
1471 2003 1559 2055 noua
1577 1977 1618 2056 fi
1639 1982 1736 2055 nimir
1753 1982 1870 2079 grauis
1894 2005 1933 2054 ac
1956 2003 2030 2054 orrea·

400 2100 476 2202 rusa
507 2095 703 2177 contributio
732 2102 768 2181 in
797 2098 963 2179 Conucntu
992 2097 1221 2203 Herbipolenfi
1247 2103 1391 2200 flatuum
1420 2099 1731 2199 Consoedrralorum
1756 2099 1902 2188 decrero,
1936 2121 2030 2197 quae

401 2218 533 2302 merito
558 2241 626 2295 nos
652 2219 808 2299 excusat.
858 2217 962 2295 Haec
984 2219 1291 2298 Reuerendiffinre
1316 2220 1473 2295 Domine
1493 2241 1557 2316 pro
1579 2242 1663 2296 mea
1680 2220 1902 2295 confidentia
1916 2217 2030 2295 fufius

328 2436 332 2440 1
401 2363 477 2419 non
504 2337 596 2419 nihil
618 2339 716 2418 volui
744 2340 908 2426 scribere,
942 2361 1137 2440 meamque
1173 2363 1257 2437 erga
1291 2338 1551 2421 celsitudinem
1581 2339 1679 2415 suam
1708 2338 1889 2416 declarare
1917 2339 2031 2415 animi

400 2456 673 2559 adiuuandum
696 2459 987 2558 propenlronem.
1029 2461 1069 2536 ln
1097 2460 1219 2540 Sutria
1247 2459 1366 2537 nostra
1388 2460 1595 2559 experimur
1618 2482 1781 2558 quoque,
1808 2473 1853 2538 vt
1876 2462 1914 2539 dr
1946 2458 2032 2535 alibi

252 2631 254 2634 >
400 2601 573 2694 magnam
609 2578 901 2657 difficultatem
890 2602 927 2654 ιιι
962 2580 1203 2656 reformandis
1241 2578 1494 2666 Mouasteriis,
1536 2603 1655 2679 neque
1682 2580 1753 2654 alia
1795 2578 2031 2658 subueniendi

405 2689 501 2779 ratio
525 2698 701 2784 occurrit,
727 2697 791 2772 nili
814 2719 922 2794 quam
949 2697 1021 2794 jam
1041 2700 1156 2796 attigi
1215 2699 1344 2797 Neque
1363 2722 1457 2798 quae
1478 2690 1707 2777 reformata
1690 2722 1768 2794 Jam
1796 2698 1895 2782 lunt,
1928 2699 2032 2776 aliter

401 2818 589 2901 reformari
615 2828 818 2916 potuerunt
880 2817 940 2903 Ab
965 2822 1059 2898 orrico
1072 2819 1172 2921 saepe
1198 2818 1323 2898 lorraine
1350 2832 1441 2900 toto
1449 2845 1501 2900 res
1524 2819 1670 2924 pendet.
1711 2845 1772 2920 qno
1790 2832 1860 2897 'tex
1845 2820 1965 2911 linito,
1992 2817 2033 2902 Ei

271 3037 273 3040 Α
402 2920 552 3041 Discipl
538 2962 595 3018 rna
616 2964 688 3019 curn
712 2965 749 3021 ro
774 2965 817 3017 ex
834 2942 1050 3045 extinguitur.

348 3218 350 3222 ·
419 3230 428 3245 ·
499 3180 655 3263 Verum
660 3177 861 3262 faciamus,
885 3188 1064 3276 quantum
1087 3177 1280 3277 poliumua.
1332 3138 1541 3255 'Laudanda
1570 3176 1700 3277 optimi
1732 3177 1842 3254 nostri
1867 3176 2035 3281 Principir

345 3413 346 3416 Ν
404 3298 620 3381 Sollicitudo
646 3299 693 3375 de
713 3297 776 3372 illo
798 3298 1032 3388 Monallerio,
1064 3321 1176 3399 quern
1199 3299 1314 3396 Spero
1338 3323 1413 3374 non
1438 3297 1666 3398 quieturum,
1682 3305 1685 3311 ’
1700 3299 1818 3375 donec
1840 3298 2036 3377 efficaciter

404 3420 609 3501 remedium
638 3418 784 3517 aliquod
813 3417 1020 3497 adhibuerit
1030 3477 1047 3510 ,,
1073 3418 1147 3497 siue
1179 3421 1278 3520 quod
1299 3443 1367 3516 ego
1399 3417 1581 3516 proposui,
1604 3416 1686 3526 'fine
1715 3418 1832 3507 aliud,
1862 3430 1969 3516 prout
1996 3419 2033 3496 in

237 3592 240 3600 -
295 3605 300 3617 .
404 3541 565 3637 Domino
587 3538 777 3620 videbitur.
826 3538 976 3647 Vtinam
998 3540 1125 3617 Abbas
1153 3552 1302 3641 paratus
1327 3539 1413 3617 eliet
1435 3539 1552 3615 facere
1583 3537 1741 3637 aliquam
1776 3538 1812 3613 in
1845 3541 2034 3640 temporali-

406 3660 465 3739 lus
485 3663 667 3764 juliorum,
696 3680 790 3756 quae
814 3658 959 3736 eenseri
982 3671 1086 3737 tanta
1112 3683 1313 3760 numquam
1338 3657 1470 3756 potest,
1497 3656 1553 3736 vel
1584 3660 1705 3759 potius
1729 3656 1855 3744 debet,
1893 3672 2032 3758 quanta

407 3781 479 3860 alia
502 3781 552 3859 est
573 3777 815 3885 Spiritorliura.
866 3778 966 3862 Mille
986 3780 1129 3862 circiter
1150 3783 1291 3883 florenis
1319 3801 1411 3877 opus
1435 3776 1505 3856 erit
1531 3778 1603 3876 pro’
1626 3777 1754 3856 biennio
1782 3780 1819 3857 dr
1847 3801 1912 3877 pro
1942 3782 2037 3880 quir·
2133 3790 2135 3795 ’

407 3927 475 4003 Μ
499 3940 550 3966 ..-
1258 3914 1262 3921 .

423 4137 608 4219 Finio
623 4141 783 4225 tandem
807 4137 1032 4238 Epistolam,
1057 4137 1237 4239 quamR.
1261 4136 1307 4214 D
1334 4138 1379 4216 V.
1415 4135 1501 4214 boni
1522 4134 1693 4213 consulat.
1747 4135 1922 4213 Eidem
1909 4158 1948 4213 ln
1976 4159 2037 4214 ac·

409 4260 524 4360 neptia
552 4262 687 4347 refero,
720 4260 818 4360 quod
843 4258 1027 4336 Celsrtudo
1051 4261 1113 4334 sua
1139 4259 1286 4342 annuit,
1319 4267 1360 4336 vt
1384 4258 1520 4356 aliquid
1545 4256 1726 4336 Sacrorum
1756 4284 1790 4334 re
1791 4257 1966 4355 lian'nrom
1988 4280 2038 4333 ex

407 4382 468 4459 illo
497 4381 714 4461 Monasterio
746 4381 851 4457 nobis
886 4380 1012 4463 datin,
1059 4381 1171 4476 quod
1192 4359 1330 4456 lacmm
1363 4377 1511 4455 Donum
1548 4377 1654 4455 nobis
1688 4377 1757 4453 erit
1790 4376 1919 4471 grauis
1908 4400 2038 4455 mum

318 4526 323 4541 ’
407 4503 509 4581 Deus
529 4497 737 4600 rependatl
770 4499 961 4595 precorR.
987 4498 1031 4574 D.
1058 4500 1101 4579 V.
1126 4521 1289 4576 omnem
1289 4519 1384 4575 cum
1408 4497 1566 4596 corporis
1593 4510 1679 4574 tum
1711 4496 1824 4574 animi
1859 4495 2039 4575 Salutem.

168 4622 182 4667 ⁸·
405 4622 769 4845 Exbbaslllrmffrren
753 4617 928 4698 Kalendis
960 4618 1085 4699 Martii
1120 4627 1230 4759 roro.
1262 4616 1376 4697 RD.
1401 4619 1467 4785 V
1475 4615 1735 4777 studiosrliimua
1775 4616 1836 4696 Fr.
1874 4615 2042 4718 Georgius

237 4785 242 4792 ·
408 4746 447 4830 A
633 4764 736 4844 ppr

1884 4853 2041 4958 Necque
