<?xml version="1.0" encoding="UTF-8"?>
<!DOCTYPE html PUBLIC "-//W3C//DTD XHTML 1.0 Transitional//EN"
    "http://www.w3.org/TR/xhtml1/DTD/xhtml1-transitional.dtd">
<html xmlns="http://www.w3.org/1999/xhtml" xml:lang="en" lang="en">
 <head>
  <title>
</title>
<meta http-equiv="Content-Type" content="text/html;charset=utf-8" />
  <meta name='ocr-system' content='tesseract 3.04.00' />
  <meta name='ocr-capabilities' content='ocr_page ocr_carea ocr_par ocr_line ocrx_word'/>
</head>
<body>
  <div class='ocr_page' id='page_1' title='image "./prodromusmonume00hessgoog_0248.png"; bbox 0 0 4276 5670; ppageno 0'>
   <div class='ocr_carea' id='block_1_1' title="bbox 729 384 1751 475">
    <p class='ocr_par' dir='ltr' id='par_1_1' title="bbox 729 384 1751 475">
     <span class='ocr_line' id='line_1_1' title="bbox 729 384 1751 475; baseline 0 0"><span class='ocrx_word' id='word_1_1' title='bbox 729 384 1151 475; x_wconf 50' lang='lat' dir='ltr'>*Umor</span> <span class='ocrx_word' id='word_1_2' title='bbox 1678 396 1751 475; x_wconf 70' lang='lat'>2²1</span> 
     </span>
    </p>
   </div>
   <div class='ocr_carea' id='block_1_2' title="bbox 130 555 1752 1008">
    <p class='ocr_par' dir='ltr' id='par_1_2' title="bbox 130 555 1752 1008">
     <span class='ocr_line' id='line_1_2' title="bbox 226 555 1752 653; baseline -0.003 -18"><span class='ocrx_word' id='word_1_3' title='bbox 226 558 410 637; x_wconf 80' lang='lat' dir='ltr'>Revocavi</span> <span class='ocrx_word' id='word_1_4' title='bbox 433 558 481 634; x_wconf 90' lang='lat' dir='ltr'>ad</span> <span class='ocrx_word' id='word_1_5' title='bbox 503 555 716 635; x_wconf 84' lang='lat' dir='ltr'>memoriam</span> <span class='ocrx_word' id='word_1_6' title='bbox 739 558 1051 648; x_wconf 80' lang='lat' dir='ltr'>(adhortationem</span> <span class='ocrx_word' id='word_1_7' title='bbox 1069 559 1166 633; x_wconf 87' lang='lat' dir='ltr'>hanc</span> <span class='ocrx_word' id='word_1_8' title='bbox 1188 568 1292 634; x_wconf 82' lang='lat' dir='ltr'>tuam</span> <span class='ocrx_word' id='word_1_9' title='bbox 1317 557 1441 634; x_wconf 87' lang='lat' dir='ltr'>animo</span> <span class='ocrx_word' id='word_1_10' title='bbox 1464 557 1637 653; x_wconf 82' lang='lat' dir='ltr'>volvens)</span> <span class='ocrx_word' id='word_1_11' title='bbox 1663 564 1752 651; x_wconf 86' lang='lat' dir='ltr'>quot</span> 
     </span>
     <span class='ocr_line' id='line_1_3' title="bbox 132 673 1751 774; baseline -0.004 -20"><span class='ocrx_word' id='word_1_12' title='bbox 132 677 204 754; x_wconf 82' lang='lat' dir='ltr'>iam</span> <span class='ocrx_word' id='word_1_13' title='bbox 221 678 412 773; x_wconf 79' lang='lat' dir='ltr'>germania</span> <span class='ocrx_word' id='word_1_14' title='bbox 435 675 552 751; x_wconf 84' lang='lat' dir='ltr'>nostra</span> <span class='ocrx_word' id='word_1_15' title='bbox 580 677 676 753; x_wconf 86' lang='lat' dir='ltr'>viros</span> <span class='ocrx_word' id='word_1_16' title='bbox 702 676 856 763; x_wconf 85' lang='lat' dir='ltr'>habeat,</span> <span class='ocrx_word' id='word_1_17' title='bbox 897 700 975 752; x_wconf 90' lang='lat' dir='ltr'>non</span> <span class='ocrx_word' id='word_1_18' title='bbox 1002 678 1113 754; x_wconf 90' lang='lat' dir='ltr'>modo</span> <span class='ocrx_word' id='word_1_19' title='bbox 1145 677 1313 774; x_wconf 86' lang='lat' dir='ltr'>quirinali</span> <span class='ocrx_word' id='word_1_20' title='bbox 1344 675 1515 750; x_wconf 73' lang='lat' dir='ltr'>facundia</span> <span class='ocrx_word' id='word_1_21' title='bbox 1546 673 1751 772; x_wconf 84' lang='lat' dir='ltr'>praeditos,</span> 
     </span>
     <span class='ocr_line' id='line_1_4' title="bbox 132 792 1751 892; baseline -0.004 -20"><span class='ocrx_word' id='word_1_22' title='bbox 132 794 190 871; x_wconf 83' lang='lat' dir='ltr'>led</span> <span class='ocrx_word' id='word_1_23' title='bbox 216 795 553 892; x_wconf 83' lang='lat' dir='ltr'>&amp;incomparabili</span> <span class='ocrx_word' id='word_1_24' title='bbox 580 809 657 870; x_wconf 89' lang='lat' dir='ltr'>tam</span> <span class='ocrx_word' id='word_1_25' title='bbox 687 795 862 871; x_wconf 74' lang='lat' dir='ltr'>Dotiriua</span> <span class='ocrx_word' id='word_1_26' title='bbox 892 809 970 870; x_wconf 88' lang='lat' dir='ltr'>tam</span> <span class='ocrx_word' id='word_1_27' title='bbox 995 795 1211 869; x_wconf 79' lang='lat' dir='ltr'>Eruditione</span> <span class='ocrx_word' id='word_1_28' title='bbox 1245 793 1465 889; x_wconf 82' lang='lat' dir='ltr'>praeclaros,</span> <span class='ocrx_word' id='word_1_29' title='bbox 1510 794 1571 889; x_wconf 90' lang='lat' dir='ltr'>qui</span> <span class='ocrx_word' id='word_1_30' title='bbox 1594 815 1658 888; x_wconf 84' lang='lat' dir='ltr'>pro</span> <span class='ocrx_word' id='word_1_31' title='bbox 1681 792 1751 866; x_wconf 85' lang='lat' dir='ltr'>Ec·</span> 
     </span>
     <span class='ocr_line' id='line_1_5' title="bbox 130 910 1750 1008; baseline -0.001 -20"><span class='ocrx_word' id='word_1_32' title='bbox 130 913 234 988; x_wconf 84' lang='lat' dir='ltr'>delia</span> <span class='ocrx_word' id='word_1_33' title='bbox 256 936 281 987; x_wconf 87' lang='lat' dir='ltr'>a</span> <span class='ocrx_word' id='word_1_34' title='bbox 302 912 474 990; x_wconf 74' lang='lat' dir='ltr'>sectarum</span> <span class='ocrx_word' id='word_1_35' title='bbox 495 912 728 1008; x_wconf 75' lang='lat' dir='ltr'>coryphaeis</span> <span class='ocrx_word' id='word_1_36' title='bbox 760 912 980 988; x_wconf 89' lang='lat' dir='ltr'>vindicanda</span> <span class='ocrx_word' id='word_1_37' title='bbox 1000 913 1162 990; x_wconf 80' lang='lat' dir='ltr'>strenuus</span> <span class='ocrx_word' id='word_1_38' title='bbox 1191 912 1261 990; x_wconf 85' lang='lat' dir='ltr'>ieie</span> <span class='ocrx_word' id='word_1_39' title='bbox 1285 912 1456 988; x_wconf 78' lang='lat' dir='ltr'>Athletas</span> <span class='ocrx_word' id='word_1_40' title='bbox 1480 910 1750 1008; x_wconf 73' lang='lat' dir='ltr'>praestiterant,</span> 
     </span>
    </p>
   </div>
   <div class='ocr_carea' id='block_1_3' title="bbox 129 1029 846 1130">
    <p class='ocr_par' dir='ltr' id='par_1_3' title="bbox 129 1029 846 1130">
     <span class='ocr_line' id='line_1_6' title="bbox 129 1029 846 1130; baseline 0 -24"><span class='ocrx_word' id='word_1_41' title='bbox 129 1029 199 1118; x_wconf 87' lang='lat' dir='ltr'>ita,</span> <span class='ocrx_word' id='word_1_42' title='bbox 237 1042 278 1111; x_wconf 83' lang='lat' dir='ltr'>at</span> <span class='ocrx_word' id='word_1_43' title='bbox 298 1032 376 1108; x_wconf 87' lang='lat' dir='ltr'>mei</span> <span class='ocrx_word' id='word_1_44' title='bbox 397 1031 473 1130; x_wconf 84' lang='lat' dir='ltr'>ipsa</span> <span class='ocrx_word' id='word_1_45' title='bbox 496 1032 650 1107; x_wconf 84' lang='lat' dir='ltr'>minime</span> <span class='ocrx_word' id='word_1_46' title='bbox 670 1029 846 1123; x_wconf 80' lang='lat' dir='ltr'>indigeat.</span> 
     </span>
    </p>
   </div>
   <div class='ocr_carea' id='block_1_4' title="bbox 93 1239 1753 2519">
    <p class='ocr_par' dir='ltr' id='par_1_4' title="bbox 93 1239 1753 2519">
     <span class='ocr_line' id='line_1_7' title="bbox 226 1239 1751 1342; baseline 0.002 -26"><span class='ocrx_word' id='word_1_47' title='bbox 226 1242 279 1318; x_wconf 80' lang='lat' dir='ltr'>Et</span> <span class='ocrx_word' id='word_1_48' title='bbox 303 1266 525 1341; x_wconf 89' lang='lat' dir='ltr'>quamquam</span> <span class='ocrx_word' id='word_1_49' title='bbox 545 1253 626 1318; x_wconf 87' lang='lat' dir='ltr'>tum</span> <span class='ocrx_word' id='word_1_50' title='bbox 652 1242 691 1317; x_wconf 88' lang='lat' dir='ltr'>iu</span> <span class='ocrx_word' id='word_1_51' title='bbox 714 1240 897 1318; x_wconf 89' lang='lat' dir='ltr'>manibus</span> <span class='ocrx_word' id='word_1_52' title='bbox 912 1242 1089 1339; x_wconf 85' lang='lat' dir='ltr'>quiddam</span> <span class='ocrx_word' id='word_1_53' title='bbox 1116 1243 1323 1331; x_wconf 81' lang='lat' dir='ltr'>habuerim,</span> <span class='ocrx_word' id='word_1_54' title='bbox 1367 1245 1464 1342; x_wconf 91' lang='lat' dir='ltr'>quod</span> <span class='ocrx_word' id='word_1_55' title='bbox 1496 1243 1544 1319; x_wconf 90' lang='lat' dir='ltr'>de</span> <span class='ocrx_word' id='word_1_56' title='bbox 1572 1239 1751 1319; x_wconf 86' lang='lat' dir='ltr'>sacratiffi·</span> 
     </span>
     <span class='ocr_line' id='line_1_8' title="bbox 93 1360 1751 1458; baseline -0.002 -22"><span class='ocrx_word' id='word_1_57' title='bbox 93 1395 101 1410; x_wconf 93' lang='lat'><strong>·</strong></span> <span class='ocrx_word' id='word_1_58' title='bbox 129 1382 211 1436; x_wconf 85' lang='lat' dir='ltr'>mae</span> <span class='ocrx_word' id='word_1_59' title='bbox 235 1362 358 1437; x_wconf 77' lang='lat' dir='ltr'>oliuae</span> <span class='ocrx_word' id='word_1_60' title='bbox 382 1362 551 1438; x_wconf 86' lang='lat' dir='ltr'>sacrificio</span> <span class='ocrx_word' id='word_1_61' title='bbox 573 1360 832 1455; x_wconf 80' lang='lat' dir='ltr'>congelieram,</span> <span class='ocrx_word' id='word_1_62' title='bbox 866 1384 931 1458; x_wconf 92' lang='lat' dir='ltr'>pro</span> <span class='ocrx_word' id='word_1_63' title='bbox 957 1386 1016 1436; x_wconf 93' lang='lat' dir='ltr'>me</span> <span class='ocrx_word' id='word_1_64' title='bbox 1043 1363 1155 1438; x_wconf 86' lang='lat' dir='ltr'>solum</span> <span class='ocrx_word' id='word_1_65' title='bbox 1181 1364 1219 1439; x_wconf 78' lang='lat' dir='ltr'>dc</span> <span class='ocrx_word' id='word_1_66' title='bbox 1237 1362 1427 1439; x_wconf 84' lang='lat' dir='ltr'>nonnullis</span> <span class='ocrx_word' id='word_1_67' title='bbox 1450 1363 1661 1457; x_wconf 80' lang='lat' dir='ltr'>Pcnpoiiioooe</span> <span class='ocrx_word' id='word_1_68' title='bbox 1685 1383 1751 1433; x_wconf 92' lang='lat' dir='ltr'>uo·</span> 
     </span>
     <span class='ocr_line' id='line_1_9' title="bbox 132 1476 1750 1579; baseline -0.002 -22"><span class='ocrx_word' id='word_1_69' title='bbox 132 1480 222 1557; x_wconf 82' lang='lat' dir='ltr'>lirae</span> <span class='ocrx_word' id='word_1_70' title='bbox 244 1479 442 1567; x_wconf 76' lang='lat' dir='ltr'>Ecclesiae,</span> <span class='ocrx_word' id='word_1_71' title='bbox 477 1502 590 1578; x_wconf 84' lang='lat' dir='ltr'>quam</span> <span class='ocrx_word' id='word_1_72' title='bbox 610 1478 792 1555; x_wconf 75' lang='lat' dir='ltr'>usitatiore</span> <span class='ocrx_word' id='word_1_73' title='bbox 815 1479 991 1556; x_wconf 80' lang='lat' dir='ltr'>uocabulo</span> <span class='ocrx_word' id='word_1_74' title='bbox 1015 1481 1254 1579; x_wconf 72' lang='lat' dir='ltr'>Heriipoiaqiem</span> <span class='ocrx_word' id='word_1_75' title='bbox 1275 1504 1472 1565; x_wconf 77' lang='lat' dir='ltr'>necamus,</span> <span class='ocrx_word' id='word_1_76' title='bbox 1510 1479 1578 1575; x_wconf 84' lang='lat' dir='ltr'>piis</span> <span class='ocrx_word' id='word_1_77' title='bbox 1609 1476 1750 1563; x_wconf 87' lang='lat' dir='ltr'>adhuc,</span> 
     </span>
     <span class='ocr_line' id='line_1_10' title="bbox 132 1595 1751 1697; baseline -0.004 -20"><span class='ocrx_word' id='word_1_78' title='bbox 132 1601 168 1677; x_wconf 83' lang='lat' dir='ltr'>dr</span> <span class='ocrx_word' id='word_1_79' title='bbox 207 1600 357 1675; x_wconf 85' lang='lat' dir='ltr'>omnino</span> <span class='ocrx_word' id='word_1_80' title='bbox 382 1597 577 1673; x_wconf 81' lang='lat' dir='ltr'>catholicis</span> <span class='ocrx_word' id='word_1_81' title='bbox 606 1598 871 1683; x_wconf 69' lang='lat' dir='ltr'>sacerdotilus,</span> <span class='ocrx_word' id='word_1_82' title='bbox 919 1600 1053 1674; x_wconf 85' lang='lat' dir='ltr'>devote</span> <span class='ocrx_word' id='word_1_83' title='bbox 1077 1623 1119 1675; x_wconf 91' lang='lat' dir='ltr'>ac</span> <span class='ocrx_word' id='word_1_84' title='bbox 1146 1602 1352 1697; x_wconf 80' lang='lat' dir='ltr'>frequenter</span> <span class='ocrx_word' id='word_1_85' title='bbox 1380 1597 1659 1680; x_wconf 82' lang='lat' dir='ltr'>celebrantibus,</span> <span class='ocrx_word' id='word_1_86' title='bbox 1701 1595 1751 1671; x_wconf 86' lang='lat' dir='ltr'>ad</span> 
     </span>
     <span class='ocr_line' id='line_1_11' title="bbox 128 1712 1749 1814; baseline -0.003 -22"><span class='ocrx_word' id='word_1_87' title='bbox 128 1714 199 1792; x_wconf 86' lang='lat' dir='ltr'>hoc</span> <span class='ocrx_word' id='word_1_88' title='bbox 221 1716 375 1794; x_wconf 74' lang='lat' dir='ltr'>induitis</span> <span class='ocrx_word' id='word_1_89' title='bbox 395 1715 574 1791; x_wconf 80' lang='lat' dir='ltr'>indicibili</span> <span class='ocrx_word' id='word_1_90' title='bbox 598 1718 756 1812; x_wconf 87' lang='lat' dir='ltr'>quadam</span> <span class='ocrx_word' id='word_1_91' title='bbox 789 1715 1123 1814; x_wconf 84' lang='lat' dir='ltr'>diligentiffimaque</span> <span class='ocrx_word' id='word_1_92' title='bbox 1156 1717 1405 1810; x_wconf 84' lang='lat' dir='ltr'>invigilatione</span> <span class='ocrx_word' id='word_1_93' title='bbox 1439 1714 1639 1790; x_wconf 84' lang='lat' dir='ltr'>nobililiimi</span> <span class='ocrx_word' id='word_1_94' title='bbox 1664 1712 1749 1801; x_wconf 80' lang='lat' dir='ltr'>viri,</span> 
     </span>
     <span class='ocr_line' id='line_1_12' title="bbox 129 1829 1751 1945; baseline 0.001 -37"><span class='ocrx_word' id='word_1_95' title='bbox 129 1834 247 1908; x_wconf 85' lang='lat' dir='ltr'>Patris</span> <span class='ocrx_word' id='word_1_96' title='bbox 271 1856 315 1910; x_wconf 85' lang='lat' dir='ltr'>ac</span> <span class='ocrx_word' id='word_1_97' title='bbox 337 1836 410 1910; x_wconf 79' lang='lat' dir='ltr'>uni</span> <span class='ocrx_word' id='word_1_98' title='bbox 435 1835 509 1908; x_wconf 85' lang='lat' dir='ltr'>Dui</span> <span class='ocrx_word' id='word_1_99' title='bbox 541 1831 760 1909; x_wconf 73' lang='lat' dir='ltr'>Tlaodnicio</span> <span class='ocrx_word' id='word_1_100' title='bbox 791 1829 960 1928; x_wconf 67' lang='lat' dir='ltr'>Tinga,</span> <span class='ocrx_word' id='word_1_101' title='bbox 1000 1836 1161 1945; x_wconf 66' lang='lat' dir='ltr'>summae</span> <span class='ocrx_word' id='word_1_102' title='bbox 1187 1835 1286 1908; x_wconf 87' lang='lat' dir='ltr'>aedis</span> <span class='ocrx_word' id='word_1_103' title='bbox 1310 1836 1448 1909; x_wconf 84' lang='lat' dir='ltr'>nostrae</span> <span class='ocrx_word' id='word_1_104' title='bbox 1465 1837 1613 1914; x_wconf 56' lang='lat' dir='ltr'>,Dareum</span> <span class='ocrx_word' id='word_1_105' title='bbox 1652 1831 1751 1928; x_wconf 82' lang='lat' dir='ltr'>quod</span> 
     </span>
     <span class='ocr_line' id='line_1_13' title="bbox 130 1950 1750 2050; baseline -0.002 -22"><span class='ocrx_word' id='word_1_106' title='bbox 130 1954 168 2028; x_wconf 78' lang='lat' dir='ltr'>da</span> <span class='ocrx_word' id='word_1_107' title='bbox 205 1951 344 2050; x_wconf 71' lang='lat' dir='ltr'>aliqum</span> <span class='ocrx_word' id='word_1_108' title='bbox 372 1977 499 2029; x_wconf 86' lang='lat' dir='ltr'>eorum</span> <span class='ocrx_word' id='word_1_109' title='bbox 534 1952 632 2040; x_wconf 86' lang='lat' dir='ltr'>solis,</span> <span class='ocrx_word' id='word_1_110' title='bbox 681 1963 828 2047; x_wconf 87' lang='lat' dir='ltr'>rogatus</span> <span class='ocrx_word' id='word_1_111' title='bbox 861 1955 908 2026; x_wconf 92' lang='lat' dir='ltr'>ob</span> <span class='ocrx_word' id='word_1_112' title='bbox 947 1953 1003 2036; x_wconf 93' lang='lat' dir='ltr'>id,</span> <span class='ocrx_word' id='word_1_113' title='bbox 1052 1953 1365 2028; x_wconf 87' lang='lat' dir='ltr'>communicatum</span> <span class='ocrx_word' id='word_1_114' title='bbox 1401 1952 1446 2025; x_wconf 83' lang='lat' dir='ltr'>iri</span> <span class='ocrx_word' id='word_1_115' title='bbox 1480 1950 1750 2036; x_wconf 85' lang='lat' dir='ltr'>constitueram,</span> 
     </span>
     <span class='ocr_line' id='line_1_14' title="bbox 131 2068 1751 2166; baseline -0.001 -22"><span class='ocrx_word' id='word_1_116' title='bbox 131 2071 229 2166; x_wconf 87' lang='lat' dir='ltr'>quod</span> <span class='ocrx_word' id='word_1_117' title='bbox 249 2082 329 2145; x_wconf 79' lang='lat' dir='ltr'>tum</span> <span class='ocrx_word' id='word_1_118' title='bbox 353 2070 453 2146; x_wconf 80' lang='lat' dir='ltr'>haud</span> <span class='ocrx_word' id='word_1_119' title='bbox 473 2072 672 2147; x_wconf 87' lang='lat' dir='ltr'>immemor</span> <span class='ocrx_word' id='word_1_120' title='bbox 692 2071 822 2147; x_wconf 78' lang='lat' dir='ltr'>fuerim</span> <span class='ocrx_word' id='word_1_121' title='bbox 842 2070 1111 2157; x_wconf 69' lang='lat' dir='ltr'>protestationis</span> <span class='ocrx_word' id='word_1_122' title='bbox 1138 2096 1241 2147; x_wconf 84' lang='lat' dir='ltr'>meae</span> <span class='ocrx_word' id='word_1_123' title='bbox 1256 2073 1374 2150; x_wconf 75' lang='lat' dir='ltr'>,iadau</span> <span class='ocrx_word' id='word_1_124' title='bbox 1397 2077 1430 2142; x_wconf 86' lang='lat' dir='ltr'>in</span> <span class='ocrx_word' id='word_1_125' title='bbox 1444 2075 1614 2152; x_wconf 67' lang='lat' dir='ltr'>taunuco,</span> <span class='ocrx_word' id='word_1_126' title='bbox 1639 2068 1751 2142; x_wconf 83' lang='lat' dir='ltr'>Anno</span> 
     </span>
     <span class='ocr_line' id='line_1_15' title="bbox 130 2183 1752 2287; baseline -0.004 -20"><span class='ocrx_word' id='word_1_127' title='bbox 130 2186 279 2267; x_wconf 86' lang='lat' dir='ltr'>Domini</span> <span class='ocrx_word' id='word_1_128' title='bbox 303 2211 409 2287; x_wconf 71' lang='lat'><strong><em>1521.</em></strong></span> <span class='ocrx_word' id='word_1_129' title='bbox 434 2193 532 2268; x_wconf 76' lang='lat' dir='ltr'>aedito</span> <span class='ocrx_word' id='word_1_130' title='bbox 557 2193 598 2264; x_wconf 86' lang='lat' dir='ltr'>ad</span> <span class='ocrx_word' id='word_1_131' title='bbox 622 2196 749 2284; x_wconf 72' lang='lat' dir='ltr'>inclytae</span> <span class='ocrx_word' id='word_1_132' title='bbox 772 2189 907 2282; x_wconf 67' lang='lat' dir='ltr'>Basilice</span> <span class='ocrx_word' id='word_1_133' title='bbox 931 2195 1076 2283; x_wconf 68' lang='lat' dir='ltr'>habim</span> <span class='ocrx_word' id='word_1_134' title='bbox 1101 2192 1248 2265; x_wconf 77' lang='lat' dir='ltr'>Suartmn</span> <span class='ocrx_word' id='word_1_135' title='bbox 1270 2193 1382 2272; x_wconf 82' lang='lat' dir='ltr'>iileiio,</span> <span class='ocrx_word' id='word_1_136' title='bbox 1412 2187 1488 2260; x_wconf 82' lang='lat' dir='ltr'>illic</span> <span class='ocrx_word' id='word_1_137' title='bbox 1509 2183 1656 2276; x_wconf 74' lang='lat' dir='ltr'>Eccirfm</span> <span class='ocrx_word' id='word_1_138' title='bbox 1678 2196 1752 2260; x_wconf 78' lang='lat' dir='ltr'>imao</span> 
     </span>
     <span class='ocr_line' id='line_1_16' title="bbox 130 2301 1752 2408; baseline -0.004 -25"><span class='ocrx_word' id='word_1_139' title='bbox 130 2301 313 2383; x_wconf 65' lang='lat' dir='ltr'>cahonis</span> <span class='ocrx_word' id='word_1_140' title='bbox 340 2311 589 2391; x_wconf 80' lang='lat' dir='ltr'>acmcioribus,</span> <span class='ocrx_word' id='word_1_141' title='bbox 635 2330 679 2381; x_wconf 87' lang='lat' dir='ltr'>ac</span> <span class='ocrx_word' id='word_1_142' title='bbox 699 2305 847 2408; x_wconf 60' lang='lat' dir='ltr'>Addidi</span> <span class='ocrx_word' id='word_1_143' title='bbox 870 2333 894 2384; x_wconf 83' lang='lat' dir='ltr'>a</span> <span class='ocrx_word' id='word_1_144' title='bbox 918 2305 1113 2402; x_wconf 80' lang='lat' dir='ltr'>Saffrogiis,</span> <span class='ocrx_word' id='word_1_145' title='bbox 1145 2330 1208 2402; x_wconf 89' lang='lat' dir='ltr'>pro</span> <span class='ocrx_word' id='word_1_146' title='bbox 1242 2306 1361 2380; x_wconf 82' lang='lat' dir='ltr'>lililiae</span> <span class='ocrx_word' id='word_1_147' title='bbox 1387 2303 1609 2388; x_wconf 81' lang='lat' dir='ltr'>defeudone,</span> <span class='ocrx_word' id='word_1_148' title='bbox 1648 2325 1752 2399; x_wconf 86' lang='lat' dir='ltr'>roga-</span> 
     </span>
     <span class='ocr_line' id='line_1_17' title="bbox 129 2421 1753 2519; baseline 0 -20"><span class='ocrx_word' id='word_1_149' title='bbox 129 2435 190 2500; x_wconf 85' lang='lat' dir='ltr'>tus</span> <span class='ocrx_word' id='word_1_150' title='bbox 216 2425 263 2500; x_wconf 89' lang='lat' dir='ltr'>ab</span> <span class='ocrx_word' id='word_1_151' title='bbox 285 2426 417 2501; x_wconf 79' lang='lat' dir='ltr'>eodem</span> <span class='ocrx_word' id='word_1_152' title='bbox 434 2424 585 2511; x_wconf 72' lang='lat' dir='ltr'>senatu,</span> <span class='ocrx_word' id='word_1_153' title='bbox 616 2449 681 2501; x_wconf 83' lang='lat' dir='ltr'>me</span> <span class='ocrx_word' id='word_1_154' title='bbox 702 2426 888 2512; x_wconf 81' lang='lat' dir='ltr'>videlicet,</span> <span class='ocrx_word' id='word_1_155' title='bbox 921 2424 988 2498; x_wconf 86' lang='lat' dir='ltr'>nili</span> <span class='ocrx_word' id='word_1_156' title='bbox 1009 2424 1138 2519; x_wconf 82' lang='lat' dir='ltr'>julium</span> <span class='ocrx_word' id='word_1_157' title='bbox 1171 2448 1193 2497; x_wconf 90' lang='lat' dir='ltr'>a</span> <span class='ocrx_word' id='word_1_158' title='bbox 1221 2424 1440 2506; x_wconf 73' lang='lat' dir='ltr'>Maioribus,</span> <span class='ocrx_word' id='word_1_159' title='bbox 1478 2421 1569 2497; x_wconf 79' lang='lat' dir='ltr'>nihil</span> <span class='ocrx_word' id='word_1_160' title='bbox 1596 2422 1753 2518; x_wconf 82' lang='lat' dir='ltr'>amplius</span> 
     </span>
    </p>
   </div>
   <div class='ocr_carea' id='block_1_5' title="bbox 95 2533 1921 2639">
    <p class='ocr_par' dir='ltr' id='par_1_5' title="bbox 95 2533 1921 2639">
     <span class='ocr_line' id='line_1_18' title="bbox 95 2533 1921 2639; baseline -0.004 -16"><span class='ocrx_word' id='word_1_161' title='bbox 95 2544 305 2623; x_wconf 78' lang='lat' dir='ltr'>‘datumm</span> <span class='ocrx_word' id='word_1_162' title='bbox 326 2544 369 2619; x_wconf 81' lang='lat' dir='ltr'>iu</span> <span class='ocrx_word' id='word_1_163' title='bbox 397 2543 536 2632; x_wconf 89' lang='lat' dir='ltr'>lucem,</span> <span class='ocrx_word' id='word_1_164' title='bbox 587 2542 651 2617; x_wconf 85' lang='lat' dir='ltr'>nifi</span> <span class='ocrx_word' id='word_1_165' title='bbox 685 2546 730 2620; x_wconf 90' lang='lat' dir='ltr'>ab</span> <span class='ocrx_word' id='word_1_166' title='bbox 765 2543 1003 2639; x_wconf 85' lang='lat' dir='ltr'>Antagonista</span> <span class='ocrx_word' id='word_1_167' title='bbox 1036 2567 1123 2618; x_wconf 86' lang='lat' dir='ltr'>meo</span> <span class='ocrx_word' id='word_1_168' title='bbox 1160 2541 1292 2617; x_wconf 86' lang='lat' dir='ltr'>iterum</span> <span class='ocrx_word' id='word_1_169' title='bbox 1318 2545 1489 2638; x_wconf 76' lang='lat' dir='ltr'>impetat,</span> <span class='ocrx_word' id='word_1_170' title='bbox 1529 2566 1640 2639; x_wconf 90' lang='lat' dir='ltr'>quem</span> <span class='ocrx_word' id='word_1_171' title='bbox 1664 2557 1753 2619; x_wconf 86' lang='lat' dir='ltr'>tunc</span> <span class='ocrx_word' id='word_1_172' title='bbox 1915 2533 1921 2545; x_wconf 80' lang='lat'>&#39;</span> 
     </span>
    </p>
   </div>
   <div class='ocr_carea' id='block_1_6' title="bbox 128 2657 1753 2877">
    <p class='ocr_par' dir='ltr' id='par_1_6' title="bbox 128 2657 1753 2877">
     <span class='ocr_line' id='line_1_19' title="bbox 128 2657 1753 2773; baseline -0.003 -31"><span class='ocrx_word' id='word_1_173' title='bbox 128 2659 238 2742; x_wconf 81' lang='lat' dir='ltr'>habui</span> <span class='ocrx_word' id='word_1_174' title='bbox 265 2663 553 2761; x_wconf 59' lang='lat' dir='ltr'>oeconomum,</span> <span class='ocrx_word' id='word_1_175' title='bbox 601 2661 667 2740; x_wconf 74' lang='lat' dir='ltr'>ted</span> <span class='ocrx_word' id='word_1_176' title='bbox 687 2662 754 2743; x_wconf 81' lang='lat' dir='ltr'>-soli</span> <span class='ocrx_word' id='word_1_177' title='bbox 780 2666 888 2745; x_wconf 72' lang='lat' dir='ltr'>verbo</span> <span class='ocrx_word' id='word_1_178' title='bbox 915 2675 1009 2741; x_wconf 74' lang='lat' dir='ltr'>tirno</span> <span class='ocrx_word' id='word_1_179' title='bbox 1032 2659 1126 2739; x_wconf 89' lang='lat' dir='ltr'>mihi</span> <span class='ocrx_word' id='word_1_180' title='bbox 1144 2657 1230 2773; x_wconf 79' lang='lat' dir='ltr'>illic</span> <span class='ocrx_word' id='word_1_181' title='bbox 1262 2659 1407 2741; x_wconf 75' lang='lat' dir='ltr'>,comilio</span> <span class='ocrx_word' id='word_1_182' title='bbox 1433 2685 1563 2741; x_wconf 85' lang='lat' dir='ltr'>meam</span> <span class='ocrx_word' id='word_1_183' title='bbox 1593 2674 1753 2739; x_wconf 67' lang='lat' dir='ltr'>navaria»</span> 
     </span>
     <span class='ocr_line' id='line_1_20' title="bbox 129 2801 397 2877; baseline 0.007 -22"><span class='ocrx_word' id='word_1_184' title='bbox 129 2801 211 2855; x_wconf 81' lang='lat' dir='ltr'>rum</span> <span class='ocrx_word' id='word_1_185' title='bbox 231 2801 397 2877; x_wconf 76' lang='lat' dir='ltr'>operatu.</span> 
     </span>
    </p>
   </div>
   <div class='ocr_carea' id='block_1_7' title="bbox 126 2965 1864 3992">
    <p class='ocr_par' dir='ltr' id='par_1_7' title="bbox 126 2965 1864 3992">
     <span class='ocr_line' id='line_1_21' title="bbox 230 2965 1753 3069; baseline 0.001 -24"><span class='ocrx_word' id='word_1_186' title='bbox 230 2971 285 3046; x_wconf 80' lang='lat' dir='ltr'>At</span> <span class='ocrx_word' id='word_1_187' title='bbox 309 2992 421 3068; x_wconf 86' lang='lat' dir='ltr'>quum</span> <span class='ocrx_word' id='word_1_188' title='bbox 445 2991 513 3064; x_wconf 83' lang='lat' dir='ltr'>ego</span> <span class='ocrx_word' id='word_1_189' title='bbox 537 2965 623 3044; x_wconf 83' lang='lat' dir='ltr'>talia</span> <span class='ocrx_word' id='word_1_190' title='bbox 645 2990 789 3044; x_wconf 86' lang='lat' dir='ltr'>rnecmn</span> <span class='ocrx_word' id='word_1_191' title='bbox 804 2967 943 3046; x_wconf 81' lang='lat' dir='ltr'>tac&#39;ims</span> <span class='ocrx_word' id='word_1_192' title='bbox 962 2978 1113 3069; x_wconf 82' lang='lat' dir='ltr'>reputo,</span> <span class='ocrx_word' id='word_1_193' title='bbox 1136 2970 1194 3048; x_wconf 79' lang='lat' dir='ltr'>Tu</span> <span class='ocrx_word' id='word_1_194' title='bbox 1216 2967 1306 3047; x_wconf 77' lang='lat' dir='ltr'>milri</span> <span class='ocrx_word' id='word_1_195' title='bbox 1333 2967 1487 3057; x_wconf 81' lang='lat' dir='ltr'>adstare,</span> <span class='ocrx_word' id='word_1_196' title='bbox 1510 2969 1676 3069; x_wconf 83' lang='lat' dir='ltr'>precibus</span> <span class='ocrx_word' id='word_1_197' title='bbox 1697 2970 1753 3046; x_wconf 91' lang='lat' dir='ltr'>in·</span> 
     </span>
     <span class='ocr_line' id='line_1_22' title="bbox 127 3088 1753 3186; baseline 0 -21"><span class='ocrx_word' id='word_1_198' title='bbox 127 3088 240 3175; x_wconf 76' lang='lat' dir='ltr'>dare,</span> <span class='ocrx_word' id='word_1_199' title='bbox 266 3111 309 3162; x_wconf 89' lang='lat' dir='ltr'>ac</span> <span class='ocrx_word' id='word_1_200' title='bbox 330 3089 385 3162; x_wconf 88' lang='lat' dir='ltr'>ita</span> <span class='ocrx_word' id='word_1_201' title='bbox 412 3090 533 3164; x_wconf 87' lang='lat' dir='ltr'>dicere</span> <span class='ocrx_word' id='word_1_202' title='bbox 558 3088 756 3163; x_wconf 88' lang='lat' dir='ltr'>videbaris:</span> <span class='ocrx_word' id='word_1_203' title='bbox 807 3111 933 3184; x_wconf 89' lang='lat' dir='ltr'>perge,</span> <span class='ocrx_word' id='word_1_204' title='bbox 958 3089 1054 3186; x_wconf 89' lang='lat' dir='ltr'>qnod</span> <span class='ocrx_word' id='word_1_205' title='bbox 1082 3090 1263 3186; x_wconf 84' lang='lat' dir='ltr'>occepisti,</span> <span class='ocrx_word' id='word_1_206' title='bbox 1299 3112 1341 3163; x_wconf 90' lang='lat' dir='ltr'>ac</span> <span class='ocrx_word' id='word_1_207' title='bbox 1360 3089 1535 3167; x_wconf 78' lang='lat' dir='ltr'>summam</span> <span class='ocrx_word' id='word_1_208' title='bbox 1553 3089 1641 3164; x_wconf 81' lang='lat' dir='ltr'>iru&#39;ic</span> <span class='ocrx_word' id='word_1_209' title='bbox 1662 3101 1753 3165; x_wconf 79' lang='lat' dir='ltr'>tuae</span> 
     </span>
     <span class='ocr_line' id='line_1_23' title="bbox 127 3194 1864 3308; baseline 0.002 -26"><span class='ocrx_word' id='word_1_210' title='bbox 127 3205 367 3282; x_wconf 82' lang='lat' dir='ltr'>lucubrationi</span> <span class='ocrx_word' id='word_1_211' title='bbox 392 3228 542 3281; x_wconf 90' lang='lat' dir='ltr'>manum</span> <span class='ocrx_word' id='word_1_212' title='bbox 571 3206 708 3281; x_wconf 89' lang='lat' dir='ltr'>addito.</span> <span class='ocrx_word' id='word_1_213' title='bbox 758 3194 854 3299; x_wconf 82' lang='lat' dir='ltr'>Ego,</span> <span class='ocrx_word' id='word_1_214' title='bbox 879 3230 954 3283; x_wconf 91' lang='lat' dir='ltr'>non</span> <span class='ocrx_word' id='word_1_215' title='bbox 979 3208 1199 3288; x_wconf 79' lang='lat' dir='ltr'>obstantibus</span> <span class='ocrx_word' id='word_1_216' title='bbox 1224 3209 1303 3282; x_wconf 89' lang='lat' dir='ltr'>aliis</span> <span class='ocrx_word' id='word_1_217' title='bbox 1329 3210 1603 3308; x_wconf 86' lang='lat' dir='ltr'>quibuscunque</span> <span class='ocrx_word' id='word_1_218' title='bbox 1623 3210 1752 3297; x_wconf 78' lang='lat' dir='ltr'>rebus,</span> <span class='ocrx_word' id='word_1_219' title='bbox 1855 3201 1864 3217; x_wconf 75' lang='lat'><em>⁰</em></span> 
     </span>
     <span class='ocr_line' id='line_1_24' title="bbox 128 3314 1753 3422; baseline 0.002 -24"><span class='ocrx_word' id='word_1_220' title='bbox 128 3314 372 3398; x_wconf 81' lang='lat' dir='ltr'>exhortationi</span> <span class='ocrx_word' id='word_1_221' title='bbox 400 3336 485 3398; x_wconf 86' lang='lat' dir='ltr'>tuae</span> <span class='ocrx_word' id='word_1_222' title='bbox 512 3319 652 3399; x_wconf 83' lang='lat' dir='ltr'>morem</span> <span class='ocrx_word' id='word_1_223' title='bbox 674 3325 873 3418; x_wconf 87' lang='lat' dir='ltr'>gerendum</span> <span class='ocrx_word' id='word_1_224' title='bbox 902 3325 1009 3409; x_wconf 85' lang='lat' dir='ltr'>duxi,</span> <span class='ocrx_word' id='word_1_225' title='bbox 1034 3324 1086 3402; x_wconf 78' lang='lat' dir='ltr'>&#39;dc</span> <span class='ocrx_word' id='word_1_226' title='bbox 1114 3328 1210 3422; x_wconf 86' lang='lat' dir='ltr'>qnod</span> <span class='ocrx_word' id='word_1_227' title='bbox 1235 3326 1488 3410; x_wconf 75' lang='lat' dir='ltr'>elucubratim,</span> <span class='ocrx_word' id='word_1_228' title='bbox 1514 3326 1622 3402; x_wconf 80' lang='lat' dir='ltr'>idem</span> <span class='ocrx_word' id='word_1_229' title='bbox 1651 3327 1753 3402; x_wconf 82' lang='lat' dir='ltr'>iocu-</span> 
     </span>
     <span class='ocr_line' id='line_1_25' title="bbox 127 3432 1750 3541; baseline 0.004 -25"><span class='ocrx_word' id='word_1_230' title='bbox 127 3443 305 3540; x_wconf 87' lang='lat' dir='ltr'>pletaunn</span> <span class='ocrx_word' id='word_1_231' title='bbox 341 3440 408 3515; x_wconf 90' lang='lat' dir='ltr'>tibi</span> <span class='ocrx_word' id='word_1_232' title='bbox 443 3444 679 3538; x_wconf 86' lang='lat' dir='ltr'>nuncupatim</span> <span class='ocrx_word' id='word_1_233' title='bbox 716 3441 884 3517; x_wconf 87' lang='lat' dir='ltr'>dedicare</span> <span class='ocrx_word' id='word_1_234' title='bbox 910 3440 1026 3519; x_wconf 83' lang='lat' dir='ltr'>statui.</span> <span class='ocrx_word' id='word_1_235' title='bbox 1089 3432 1242 3522; x_wconf 81' lang='lat' dir='ltr'>Videbis</span> <span class='ocrx_word' id='word_1_236' title='bbox 1270 3445 1380 3541; x_wconf 85' lang='lat' dir='ltr'>igitur</span> <span class='ocrx_word' id='word_1_237' title='bbox 1403 3445 1503 3519; x_wconf 63' lang='lat' dir='ltr'>‘inter</span> <span class='ocrx_word' id='word_1_238' title='bbox 1528 3443 1750 3540; x_wconf 80' lang='lat' dir='ltr'>legendum,</span> 
     </span>
     <span class='ocr_line' id='line_1_26' title="bbox 127 3556 1754 3660; baseline 0.001 -24"><span class='ocrx_word' id='word_1_239' title='bbox 127 3562 312 3660; x_wconf 81' lang='lat' dir='ltr'>quomodo</span> <span class='ocrx_word' id='word_1_240' title='bbox 330 3557 400 3651; x_wconf 80' lang='lat' dir='ltr'>fine</span> <span class='ocrx_word' id='word_1_241' title='bbox 423 3568 620 3656; x_wconf 73' lang='lat' dir='ltr'>mimiunqra</span> <span class='ocrx_word' id='word_1_242' title='bbox 641 3568 690 3635; x_wconf 82' lang='lat' dir='ltr'>uri</span> <span class='ocrx_word' id='word_1_243' title='bbox 705 3563 803 3658; x_wconf 68' lang='lat' dir='ltr'>sedne</span> <span class='ocrx_word' id='word_1_244' title='bbox 825 3566 874 3635; x_wconf 82' lang='lat' dir='ltr'>oei</span> <span class='ocrx_word' id='word_1_245' title='bbox 906 3556 1041 3635; x_wconf 78' lang='lat' dir='ltr'>Amoris</span> <span class='ocrx_word' id='word_1_246' title='bbox 1063 3565 1253 3658; x_wconf 62' lang='lat' dir='ltr'>inscientiam</span> <span class='ocrx_word' id='word_1_247' title='bbox 1274 3563 1336 3658; x_wconf 68' lang='lat' dir='ltr'>poll</span> <span class='ocrx_word' id='word_1_248' title='bbox 1367 3572 1413 3636; x_wconf 82' lang='lat' dir='ltr'>toi</span> <span class='ocrx_word' id='word_1_249' title='bbox 1443 3585 1479 3636; x_wconf 84' lang='lat' dir='ltr'>ac</span> <span class='ocrx_word' id='word_1_250' title='bbox 1500 3573 1609 3636; x_wconf 77' lang='lat' dir='ltr'>rann</span> <span class='ocrx_word' id='word_1_251' title='bbox 1631 3560 1754 3638; x_wconf 64' lang='lat' dir='ltr'>iothor</span> 
     </span>
     <span class='ocr_line' id='line_1_27' title="bbox 127 3677 1752 3778; baseline 0.002 -26"><span class='ocrx_word' id='word_1_252' title='bbox 127 3677 295 3778; x_wconf 80' lang='lat' dir='ltr'>cangreffus</span> <span class='ocrx_word' id='word_1_253' title='bbox 319 3680 550 3772; x_wconf 66' lang='lat' dir='ltr'>drfpuiuiorios,</span> <span class='ocrx_word' id='word_1_254' title='bbox 583 3690 671 3772; x_wconf 71' lang='lat' dir='ltr'>utque</span> <span class='ocrx_word' id='word_1_255' title='bbox 683 3678 872 3773; x_wconf 78' lang='lat' dir='ltr'>famosorum</span> <span class='ocrx_word' id='word_1_256' title='bbox 895 3683 1059 3753; x_wconf 74' lang='lat' dir='ltr'>diriorum</span> <span class='ocrx_word' id='word_1_257' title='bbox 1089 3684 1254 3765; x_wconf 69' lang='lat' dir='ltr'>coinon,</span> <span class='ocrx_word' id='word_1_258' title='bbox 1292 3690 1379 3778; x_wconf 76' lang='lat' dir='ltr'>bique</span> <span class='ocrx_word' id='word_1_259' title='bbox 1396 3686 1497 3756; x_wconf 71' lang='lat' dir='ltr'>ircim</span> <span class='ocrx_word' id='word_1_260' title='bbox 1526 3682 1596 3778; x_wconf 76' lang='lat' dir='ltr'>ipsis</span> <span class='ocrx_word' id='word_1_261' title='bbox 1625 3687 1752 3776; x_wconf 75' lang='lat' dir='ltr'>dignam</span> 
     </span>
     <span class='ocr_line' id='line_1_28' title="bbox 127 3783 1756 3905; baseline 0.004 -33"><span class='ocrx_word' id='word_1_262' title='bbox 127 3801 250 3872; x_wconf 65' lang='lat' dir='ltr'>nahor</span> <span class='ocrx_word' id='word_1_263' title='bbox 276 3796 505 3879; x_wconf 69' lang='lat' dir='ltr'>Statariam,</span> <span class='ocrx_word' id='word_1_264' title='bbox 524 3814 586 3893; x_wconf 83' lang='lat' dir='ltr'>pro</span> <span class='ocrx_word' id='word_1_265' title='bbox 607 3821 673 3870; x_wconf 83' lang='lat' dir='ltr'>mea</span> <span class='ocrx_word' id='word_1_266' title='bbox 694 3806 832 3905; x_wconf 68' lang='lat' dir='ltr'>inmun,</span> <span class='ocrx_word' id='word_1_267' title='bbox 872 3794 953 3882; x_wconf 81' lang='lat' dir='ltr'>Tua,</span> <span class='ocrx_word' id='word_1_268' title='bbox 992 3783 1102 3897; x_wconf 68' lang='lat' dir='ltr'>una</span> <span class='ocrx_word' id='word_1_269' title='bbox 1114 3797 1262 3892; x_wconf 74' lang='lat' dir='ltr'>fimiiirau</span> <span class='ocrx_word' id='word_1_270' title='bbox 1293 3803 1477 3898; x_wconf 58' lang='lat' dir='ltr'>crucam«</span> <span class='ocrx_word' id='word_1_271' title='bbox 1501 3808 1596 3899; x_wconf 73' lang='lat' dir='ltr'>quieti</span> <span class='ocrx_word' id='word_1_272' title='bbox 1626 3805 1756 3878; x_wconf 76' lang='lat' dir='ltr'>raddai·</span> 
     </span>
     <span class='ocr_line' id='line_1_29' title="bbox 126 3918 1688 3992; baseline -0.002 -2"><span class='ocrx_word' id='word_1_273' title='bbox 126 3918 170 3990; x_wconf 80' lang='lat' dir='ltr'>da</span> <span class='ocrx_word' id='word_1_274' title='bbox 192 3919 403 3992; x_wconf 62' lang='lat' dir='ltr'>manain</span> <span class='ocrx_word' id='word_1_275' title='bbox 1683 3940 1688 3953; x_wconf 65' lang='lat'><strong><em>¹</em></strong></span> 
     </span>
    </p>
   </div>
   <div class='ocr_carea' id='block_1_8' title="bbox 126 4123 1756 4473">
    <p class='ocr_par' dir='ltr' id='par_1_8' title="bbox 126 4123 1756 4473">
     <span class='ocr_line' id='line_1_30' title="bbox 140 4123 1753 4232; baseline 0.007 -33"><span class='ocrx_word' id='word_1_276' title='bbox 140 4160 147 4169; x_wconf 93' lang='lat'>·</span> <span class='ocrx_word' id='word_1_277' title='bbox 224 4126 308 4200; x_wconf 86' lang='lat' dir='ltr'>Hoc</span> <span class='ocrx_word' id='word_1_278' title='bbox 331 4125 441 4220; x_wconf 85' lang='lat' dir='ltr'>igitur</span> <span class='ocrx_word' id='word_1_279' title='bbox 456 4125 584 4222; x_wconf 81' lang='lat' dir='ltr'>Operis</span> <span class='ocrx_word' id='word_1_280' title='bbox 607 4123 766 4210; x_wconf 80' lang='lat' dir='ltr'>Te,·eoi</span> <span class='ocrx_word' id='word_1_281' title='bbox 793 4124 951 4209; x_wconf 87' lang='lat' dir='ltr'>accedit,</span> <span class='ocrx_word' id='word_1_282' title='bbox 970 4147 1050 4199; x_wconf 92' lang='lat' dir='ltr'>non</span> <span class='ocrx_word' id='word_1_283' title='bbox 1073 4127 1239 4225; x_wconf 81' lang='lat' dir='ltr'>perinde,</span> <span class='ocrx_word' id='word_1_284' title='bbox 1264 4151 1308 4203; x_wconf 87' lang='lat' dir='ltr'>ac</span> <span class='ocrx_word' id='word_1_285' title='bbox 1330 4151 1400 4232; x_wconf 85' lang='lat' dir='ltr'>par</span> <span class='ocrx_word' id='word_1_286' title='bbox 1422 4130 1526 4216; x_wconf 83' lang='lat' dir='ltr'>eliet,</span> <span class='ocrx_word' id='word_1_287' title='bbox 1545 4129 1753 4209; x_wconf 82' lang='lat' dir='ltr'>elimatum.</span> 
     </span>
     <span class='ocr_line' id='line_1_31' title="bbox 126 4238 1756 4348; baseline 0.001 -24"><span class='ocrx_word' id='word_1_288' title='bbox 126 4238 186 4325; x_wconf 79' lang='lat' dir='ltr'>Tu</span> <span class='ocrx_word' id='word_1_289' title='bbox 212 4246 329 4344; x_wconf 90' lang='lat' dir='ltr'>(quae</span> <span class='ocrx_word' id='word_1_290' title='bbox 356 4257 420 4319; x_wconf 89' lang='lat' dir='ltr'>tua</span> <span class='ocrx_word' id='word_1_291' title='bbox 446 4244 497 4318; x_wconf 85' lang='lat' dir='ltr'>eli</span> <span class='ocrx_word' id='word_1_292' title='bbox 521 4243 702 4340; x_wconf 86' lang='lat' dir='ltr'>eruditio)</span> <span class='ocrx_word' id='word_1_293' title='bbox 726 4243 852 4316; x_wconf 83' lang='lat' dir='ltr'>limam</span> <span class='ocrx_word' id='word_1_294' title='bbox 876 4243 1145 4323; x_wconf 84' lang='lat' dir='ltr'>excmoiantem</span> <span class='ocrx_word' id='word_1_295' title='bbox 1166 4244 1354 4336; x_wconf 88' lang='lat' dir='ltr'>adhibeto,</span> <span class='ocrx_word' id='word_1_296' title='bbox 1399 4271 1564 4348; x_wconf 87' lang='lat' dir='ltr'>quaeque</span> <span class='ocrx_word' id='word_1_297' title='bbox 1592 4255 1756 4348; x_wconf 75' lang='lat' dir='ltr'>nonnar-</span> 
     </span>
     <span class='ocr_line' id='line_1_32' title="bbox 129 4360 928 4473; baseline -0.01 -31"><span class='ocrx_word' id='word_1_298' title='bbox 129 4367 270 4451; x_wconf 80' lang='lat' dir='ltr'>tident,</span> <span class='ocrx_word' id='word_1_299' title='bbox 303 4384 391 4440; x_wconf 85' lang='lat' dir='ltr'>veru</span> <span class='ocrx_word' id='word_1_300' title='bbox 412 4360 590 4473; x_wconf 82' lang='lat' dir='ltr'>iugulato,</span> <span class='ocrx_word' id='word_1_301' title='bbox 630 4360 774 4457; x_wconf 83' lang='lat' dir='ltr'>spongia</span> <span class='ocrx_word' id='word_1_302' title='bbox 796 4362 928 4435; x_wconf 79' lang='lat' dir='ltr'>deleto.</span> 
     </span>
    </p>
   </div>
   <div class='ocr_carea' id='block_1_9' title="bbox 132 4518 1762 4917">
    <p class='ocr_par' dir='ltr' id='par_1_9' title="bbox 132 4518 1762 4917">
     <span class='ocr_line' id='line_1_33' title="bbox 140 4518 1757 4675; baseline 0.003 -20"><span class='ocrx_word' id='word_1_303' title='bbox 140 4659 147 4668; x_wconf 78' lang='grc'><em>,</em></span> <span class='ocrx_word' id='word_1_304' title='bbox 196 4524 395 4675; x_wconf 32' lang='lat' dir='ltr'>&#39;Denique</span> <span class='ocrx_word' id='word_1_305' title='bbox 415 4574 444 4651; x_wconf 78' lang='lat' dir='ltr'>fi</span> <span class='ocrx_word' id='word_1_306' title='bbox 467 4576 509 4651; x_wconf 85' lang='lat' dir='ltr'>id</span> <span class='ocrx_word' id='word_1_307' title='bbox 532 4572 683 4651; x_wconf 90' lang='lat' dir='ltr'>omnino</span> <span class='ocrx_word' id='word_1_308' title='bbox 706 4573 934 4672; x_wconf 79' lang='lat' dir='ltr'>Typographi</span> <span class='ocrx_word' id='word_1_309' title='bbox 953 4518 1103 4652; x_wconf 81' lang='lat' dir='ltr'>oliicina</span> <span class='ocrx_word' id='word_1_310' title='bbox 1131 4578 1325 4673; x_wconf 82' lang='lat' dir='ltr'>indignam</span> <span class='ocrx_word' id='word_1_311' title='bbox 1353 4589 1443 4659; x_wconf 71' lang='lat' dir='ltr'>true</span> <span class='ocrx_word' id='word_1_312' title='bbox 1474 4581 1670 4660; x_wconf 82' lang='lat' dir='ltr'>industriae</span> <span class='ocrx_word' id='word_1_313' title='bbox 1703 4584 1757 4660; x_wconf 84' lang='lat' dir='ltr'>vi·</span> 
     </span>
     <span class='ocr_line' id='line_1_34' title="bbox 132 4690 1762 4917; baseline -0.009 -145"><span class='ocrx_word' id='word_1_314' title='bbox 132 4697 208 4775; x_wconf 81' lang='lat' dir='ltr'>suan</span> <span class='ocrx_word' id='word_1_315' title='bbox 226 4697 358 4784; x_wconf 78' lang='lat' dir='ltr'>¹irretit,</span> <span class='ocrx_word' id='word_1_316' title='bbox 382 4694 496 4792; x_wconf 85' lang='lat' dir='ltr'>caplis</span> <span class='ocrx_word' id='word_1_317' title='bbox 510 4693 686 4771; x_wconf 82' lang='lat' dir='ltr'>inclusum</span> <span class='ocrx_word' id='word_1_318' title='bbox 710 4695 751 4769; x_wconf 91' lang='lat' dir='ltr'>in</span> <span class='ocrx_word' id='word_1_319' title='bbox 777 4692 929 4772; x_wconf 76' lang='lat' dir='ltr'>Vimula</span> <span class='ocrx_word' id='word_1_320' title='bbox 953 4694 1143 4889; x_wconf 63' lang='lat' dir='ltr'>oqraf‘iriqito,</span> <span class='ocrx_word' id='word_1_321' title='bbox 1164 4690 1250 4784; x_wconf 72' lang='lat' dir='ltr'>aaa,</span> <span class='ocrx_word' id='word_1_322' title='bbox 1279 4695 1309 4773; x_wconf 82' lang='lat' dir='ltr'>ti</span> <span class='ocrx_word' id='word_1_323' title='bbox 1329 4699 1468 4788; x_wconf 78' lang='lat' dir='ltr'>mavia,</span> <span class='ocrx_word' id='word_1_324' title='bbox 1495 4703 1661 4780; x_wconf 73' lang='lat' dir='ltr'>‚amieria</span> <span class='ocrx_word' id='word_1_325' title='bbox 1668 4723 1762 4917; x_wconf 45' lang='lat' dir='ltr'>gepa.</span> 
     </span>
    </p>
   </div>
   <div class='ocr_carea' id='block_1_10' title="bbox 0 0 2142 5670">
    <p class='ocr_par' dir='ltr' id='par_1_10' title="bbox 0 0 2142 5670">
     <span class='ocr_line' id='line_1_35' title="bbox 0 0 2142 5670; baseline 0 0"><span class='ocrx_word' id='word_1_326' title='bbox 0 0 2142 5670; x_wconf 95' lang='lat' dir='ltr'> </span> 
     </span>
    </p>
   </div>
  </div>
 </body>
</html>
