4276 5670
463 254 473 273 .
1336 306 1339 311 Ι
1558 254 1623 316 s.

415 392 504 499 aaa
554 411 555 414 ‘
1018 390 1437 485 *wc

353 654 358 666 f
415 546 520 653 robis
545 566 783 649 Coeremom'ola
805 564 989 646 Romanum
1012 570 1281 657 transmittam,
1307 580 1372 645 aut
1392 567 1579 655 adferam,
1602 591 1651 643 ex
1671 558 1751 666 ‘quo
1773 560 1908 644 sinnii
1937 568 2058 648 vobisi-
2114 579 2132 586 ”

415 692 506 768 ibitu
530 687 721 766 necessaria
751 689 966 788 percomede
994 687 1181 765 haurietis.
1244 687 1583 773 Karneates,
1625 710 1699 762 non
1730 681 1876 778 dubito,
1908 688 2046 766 deluo

415 809 539 888 omnia
569 808 752 897 conferet,
792 829 887 905 quae
914 809 961 884 ad
989 807 1257 885 reformationis
1287 822 1379 905 opus
1405 808 1636 889 conducents
1687 806 1875 886 Patres&
1897 808 2055 893 Fratres,¹

415 928 688 1008 Conueutuales
720 927 832 1005 etiam
863 924 985 1003 saciles
1006 940 1135 1016 'eninm
1183 931 1220 1004 ἀ
1256 929 1485 1003 conabuntur
1506 926 1659 1024 collapsa
1681 924 1805 1004 sensam
1834 927 2054 1007 restaurare..

416 1048 628 1148 scripsimus
649 1047 730 1124 suae
750 1046 1076 1123 Reuerendilsrmae
1093 1046 1289 1132 serenitati,
1313 1038 1670 1143 bertumg'misurum
1691 1046 1940 1144 deprogressu.
1986 1047 2050 1125 ln·.

413 1170 521 1247 terim
538 1180 661 1244 curate
684 1169 721 1246 ἀ
743 1166 917 1262 gnauiter
933 1167 1089 1263 pergite,
1114 1167 1166 1244 vti
1189 1165 1371 1264 coepillis,
1396 1169 1507 1243 armis
1525 1165 1905 1266 spiritualibuohostes
1917 1169 2051 1246 unere-
2093 1260 2100 1272 .

342 1305 349 1321 ·
413 1287 483 1366 srae
504 1309 722 1386 expugnare
772 1286 844 1362 His
867 1284 959 1362 belle
977 1275 1139 1372 valeant,
1166 1289 1204 1365 dr
1223 1309 1288 1384 pro
1307 1287 1413 1362 nobis
1430 1286 1543 1362 etiam
1563 1288 1679 1364 urent.
1737 1287 1875 1373 Datum
1893 1284 2051 1366 Mobsu-

413 1413 472 1488 mii
506 1434 560 1487 12.
583 1406 667 1509 Julii
698 1410 800 1497 roro.
820 1403 898 1482 RR.
923 1405 1002 1487 Vll
1027 1404 1230 1505 paratiffimi
1254 1405 1408 1485 Adamas
1429 1405 1670 1575 Suffrogqnmr
1693 1406 2046 1599 Argeutlnmfir,dr

414 1529 517 1612 silicus
516 1554 576 1608 cur
599 1524 799 1608 Sarcunder.
876 1564 882 1578 ·
1639 1580 1646 1587 -

430 1788 433 1793 ·
510 1766 682 1845 Proximo
714 1765 824 1846 Anno
861 1767 964 1842 1620.
996 1759 1122 1841 Abbas
1153 1759 1432 1868 Gmgenbccr‘ufir
1461 1764 1561 1842 datis
1578 1764 1641 1842 ‘ad'
1668 1755 2058 1846 etiamn-uoltum

420 1896 464 1969 rb
481 1870 570 1986 Maji
593 1884 762 1970 Litteris,
787 1882 934 1980 gratius
948 1880 1177 1978 ampliffimas
1196 1893 1261 1982 pio
1282 1871 1354 1960 suis
1374 1874 1762 1964 ibidem'exilientibus·
1777 1885 1944 1963 Patribus
1958 1887 2056 1983 egita·

416 2008 590 2107 fimulque
616 2005 740 2105 petiit,
765 2016 805 2082 vt
825 1998 1010 2078 inminuto
1030 2001 1189 2098 grauiter
1208 2003 1266 2080 vel
1299 2003 1450 2082 aliorum
1486 2007 1630 2093 rn'orbo,
1650 2005 1730 2085 ‘v'eb
1747 2006 1897 2083 aliorum
1927 2018 2045 2085 morte

417 2131 456 2207 lu
479 2128 602 2206 Choro
623 2144 776 2212 numero
802 2123 948 2205 duobus
972 2125 1112 2200 tertium
1123 2123 1276 2222 quoque
1302 2123 1693 2221 adjnngeretoolouurn
1721 2114 1818 2204 velis
1865 2127 2048 2224 Georgius

417 2247 515 2326 selici
548 2242 817 2322 reformationis
847 2243 1015 2340 inceptae
1052 2237 1205 2319 successu
1232 2252 1399 2331 motus,-
1432 2241 1722 2322 basmonum
1765 2238 1866 2345 May·
1895 2261 2046 2346 peregre

418 2367 563 2470 proficis
545 2365 610 2454 s,ci
634 2363 785 2462 suasque
810 2384 938 2460 operas
973 2346 1224 2477 Gragiu'bncblo
1254 2351 1373 2439 locare
1405 2363 1558 2460 jobetl'·
1588 2351 1741 2443 Veir'rm·
1748 2361 1893 2444 laetr'rln
1929 2364 2046 2443 hoccd

377 2471 593 2569 'nuncium
631 2469 767 2561 tristius
799 2466 1000 2579 insequenti
1042 2494 1131 2559 mox
1165 2506 1284 2559 anuo
1303 2484 1580 2583 insequebatur,
1616 2487 1889 2561 recrudescente
1920 2472 2045 2584 primi

419 2603 690 2689 demulationis
718 2601 882 2684 inuidia,
920 2600 1013 2686 adeo
1043 2612 1083 2680 vt
1114 2602 1309 2702 Episcopus
1336 2627 1399 2699 per
1427 2606 1512 2679 siros
1533 2602 1803 2684 commissarios
1834 2603 1923 2680 alias
1950 2606 2046 2684 iuter
2090 2704 2094 2709 ,

281 2778 285 2783 -
399 2729 520 2824 leges
555 2725 624 2800 has
655 2744 797 2821 quoque
821 2720 860 2797 in
891 2716 1061 2816 Capitulo
1090 2719 1197 2818 pleno
1229 2723 1445 2819 promulgari
1475 2725 1725 2821 praeciperetr
1765 2723 1854 2799 Tres
1878 2724 2049 2823 Religioii

421 2842 683 2952 Weingmtens
676 2866 717 2917 es
749 2841 817 2916 has
845 2840 1032 2939 suscipiant
1068 2838 1271 2918 functiones
1305 2842 1496 2939 diligenter
1535 2845 1794 2940 exequendas:
1837 2847 1962 2922 Primo
1983 2846 2044 2928 Fr.

422 2964 580 3046 Pluc'idru
609 2961 740 3038 Priorir
764 2959 923 3038 officium
942 2954 1054 3034 ficrrti
1076 2958 1252 3036 baslenus
1260 2964 1445 3048 retineat,
1478 2960 1545 3037 Fu·-
1549 2963 1721 3045 Msurru'
1717 2954 2047 3065 Subpriorcrrt'agat,

195 3127 220 3157 ·.
282 3168 285 3172 ,
422 3080 551 3197 iertius
581 3105 668 3163 vero
693 3081 991 3176 Weingarttanus
1034 3079 1089 3154 Fr.
1110 3074 1271 3156 sincrum
1295 3081 1437 3159 absente
1466 3081 1604 3166 Priore,
1644 3074 1682 3161 e
1711 3083 1767 3160 Pr
1795 3084 1938 3161 Mauro
1946 3089 2051 3166 'cirus

362 3184 615 3330 ¹Primatum
647 3212 824 3297 occupato
853 3199 889 3273 in
920 3196 1136 3275 instruendis
1163 3199 1313 3278 lscuitr‘r's
1339 3202 1459 3300 juuet,
1495 3213 1736 3305 coeptumque
1763 3203 2069 3288 Refornarionir.

280 3340 285 3355 '
424 3350 517 3428 opus
543 3343 674 3402 omnes
695 3318 846 3396 studiose
866 3319 1134 3418 prosequantur.
1208 3325 1212 3329 ’

469 3561 694 3650 Secundo
722 3555 940 3634 Praelatus
928 3579 965 3633 m
988 3580 1051 3643 ea,
1076 3579 1148 3656 qua
1171 3557 1224 3634 est
1244 3556 1425 3635 Abbatiali
1447 3557 1626 3655 dignitate
1650 3572 1878 3660 permaneat,
1907 3565 1948 3642 δι
1963 3566 2049 3645 licet

427 3680 630 3784 supremum
652 3677 859 3756 monasterii
878 3668 986 3777 caput
1008 3676 1066 3764 stt,
1099 3670 1188 3754 serio
1216 3691 1339 3755 tamen
1366 3682 1605 3768 mendamus,
1624 3672 1672 3758 'lit
1696 3682 1849 3760 distrisle'
1877 3687 2052 3785 praecipi*

427 3828 536 3892 mus,
556 3813 602 3881 vt
626 3800 809 3900 praefatus
831 3797 956 3876 Abbas
978 3798 1017 3873 in
1041 3788 1297 3879 Oeconomicis
1324 3802 1363 3876 br
1384 3800 1641 3896 temporalibus
1663 3802 1781 3876 nullas
1803 3805 1976 3901 expensas
1998 3806 2050 3884 fa·

426 3938 533 4011 cere,
558 3922 678 3998 nullos
701 3917 826 3996 census
847 3919 934 3994 dare
959 3926 1022 3994 aut
1042 3916 1202 4014 recipere
1220 3908 1295 3992 sue
1314 3916 1500 4015 quidpiam
1525 3919 1648 4009 aliud,
1678 3918 1752 3997 sine
1770 3923 2053 4004 constrictam

398 4132 403 4143 ⁸
428 4045 516 4126 xiiio
541 4045 579 4122 P.
604 4041 738 4120 Prioris
759 4039 930 4140 expedire
947 4035 1165 4135 praesumat,
1189 4035 1249 4112 sed
1271 4037 1412 4123 omnia,
1444 4048 1641 4138 antequam
1658 4040 1770 4127 liant,
1802 4043 1923 4122 eidem
1950 4056 2052 4122 com&

427 4165 601 4244 municet.
650 4162 692 4242 si
715 4162 845 4261 (quod
865 4183 939 4238 non
963 4145 1171 4255 sperantis)
1202 4158 1298 4232 iuter
1319 4155 1500 4235 Abbatem
1525 4163 1564 4238 br
1589 4159 1748 4237 Priorem
1774 4160 1893 4262 aliqua
1917 4154 2055 4242 infns-

305 4307 310 4317 ·
427 4289 538 4384 porris
563 4284 732 4383 gerendis
754 4277 979 4365 Monallerii,
1004 4300 1048 4352 ac
1064 4264 1279 4354 decidendis
1301 4273 1592 4374 discrepantis&
1615 4280 1814 4356 Contentio
1835 4296 1915 4361 orta
1928 4284 2054 4376 fuerin

428 4408 481 4487 tei
504 4404 644 4483 Decisro
668 4401 723 4500 (fi
746 4423 805 4478 res
828 4420 968 4476 moram
995 4395 1175 4496 patiatur)
1208 4398 1256 4472 ad
1280 4395 1484 4505 Concilium
1515 4398 1796 4497 Ecclesrallicum
1821 4403 1879 4482 vel
1909 4404 2055 4505 aliquos

428 4551 452 4604 a
481 4526 588 4605 nobis
618 4547 667 4599 ex
696 4520 826 4596 eodem
859 4516 1025 4594 Concilio
1066 4508 1263 4615 spscialiter
1295 4516 1538 4599 nominandos
1572 4518 1806 4611 deuoluatur,
1843 4524 1884 4602 ἀ
1907 4546 1974 4625 pro
1994 4528 2055 4607 101

428 4646 603 4752 qualitate
624 4641 763 4723 ibidem
787 4637 976 4719 decidatur
1000 4645 1069 4716 eet.
1108 4677 1158 4697 -

1946 4880 2057 4968 Hauc
