4276 5670
181 446 184 451 ff
237 352 302 433 1⁶⁶
885 352 1304 484 *ambae

113 487 118 496 ⁵
236 526 523 643 Descrivtio
540 525 679 641 feralis
704 516 875 637 incendii,
892 534 990 647 stylo
1014 536 1235 646 aliquantum
1257 534 1425 646 turgido,
1452 531 1493 644 s
1491 534 1521 620 d
1475 549 1611 646 epra
1628 563 1666 623 eo
1656 532 1820 695 saecula

733 665 854 781 firpra
876 698 982 806 quam
1007 672 1105 756 credi
1122 670 1225 785 prffit
1249 668 1410 781 eleganti.

365 847 399 922 5.
425 826 513 905 Vita
533 825 726 903 hominum
754 850 840 904 cum
866 825 890 902 s
893 839 910 902 t
926 829 1067 913 breuis,
1093 827 1134 906 dc
1155 853 1202 902 ex
1218 828 1315 906 fluxa
1341 829 1379 907 δι
1400 829 1565 909 mutabili
1587 828 1706 905 carnis
1732 826 1888 909 materia

261 945 476 1024 nanbtoriis
496 945 688 1031 inherens,
721 945 859 1022 necesse
878 945 928 1021 est
949 960 990 1024 vt
1012 971 1096 1043 cum
1122 948 1177 1022 eis
1202 950 1240 1028 dr
1269 949 1341 1045 ipsa
1359 961 1610 1048 corrumpatur
1649 950 1688 1027 dc
1704 947 1907 1045 baubat..

258 1068 417 1164 ideoque
435 1067 532 1166 quod
558 1065 763 1169 madida&
786 1063 903 1142 labilis
925 1065 1101 1142 memoria
1117 1065 1181 1140 diu
1202 1090 1276 1165 non
1298 1068 1413 1166 potest
1443 1069 1500 1145 vel
1522 1069 1568 1144 ad
1590 1068 1748 1167 posteros
1767 1079 1888 1142 trans·

176 1266 178 1273 ,
260 1188 436 1279 mittere,
463 1183 647 1262 vinacibus
674 1184 807 1259 litteris
833 1172 1087 1262 commendari
1115 1196 1279 1284 oportet,
1326 1195 1367 1264 vt
1390 1199 1564 1284 perpetuo
1588 1188 1890 1284 duraturamper

261 1331 325 1409 eas
351 1305 514 1404 suscipiat
539 1305 773 1380 firmitatem·
842 1305 996 1407 Qumiam
1028 1312 1127 1400 igitur
1149 1309 1185 1380 de
1212 1309 1390 1404 quibusdam
1416 1302 1508 1403 sajus
1530 1311 1698 1409 monasterii
1723 1309 1889 1381 erunibus

123 1517 125 1521 Α
245 1430 312 1526 'qui
335 1438 404 1500 ante
429 1450 484 1499 nos
500 1423 659 1518 fueruit:
693 1427 764 1519 quid
792 1429 910 1518 egerint
940 1432 993 1502 vel
1016 1433 1049 1500 in
1070 1429 1177 1521 quibus
1199 1425 1343 1518 sedunis
1379 1423 1504 1521 fuerint
1544 1433 1686 1501 emmetra
1719 1444 1779 1523 per
1811 1433 1890 1500 alios
1952 1476 1957 1490 .

253 1547 379 1642 figerola
402 1553 586 1640 reperimus,
610 1544 725 1619 visum
748 1545 852 1620 nobis
878 1542 929 1618 est
949 1544 1107 1640 quedam
1130 1567 1184 1639 que
1205 1544 1307 1619 dirius
1331 1549 1438 1647 nodas
1455 1557 1618 1642 tempore
1639 1545 1811 1622 videlicet
1833 1542 1889 1620 ress

261 1664 408 1763 giminis
438 1650 578 1742 domini
616 1657 834 1778 perranum
868 1663 1085 1753 venerabilis
1117 1661 1288 1740 Abbatis·
1313 1658 1391 1743 asia
1414 1664 1652 1760 cognobimus
1680 1669 1722 1740 vt
1750 1664 1795 1738 ad
1821 1651 1893 1738 no?

262 1785 389 1860 ticiam
418 1782 634 1887 perueniant
662 1783 881 1880 posterorum
907 1781 1065 1859 breuiter
1095 1783 1156 1858 lris
1191 1786 1364 1860 denotare
1390 1785 1562 1882 apicibus.
1630 1784 1666 1859 Is
1690 1803 1775 1879 ergo
1801 1783 1900 1859 cum

262 1891 441 2001 gradatim
471 1903 519 1978 ab
542 1901 779 1976 adolescentia
805 1925 869 1998 per
895 1901 1030 1996 singula
1051 1903 1256 1978 monasterii
1281 1903 1399 1980 officia
1424 1903 1650 1982 laudabiliter
1672 1899 1888 1984 cucurrisset,

262 2021 370 2102 bobis
390 2010 554 2096 moribus
585 2019 807 2097 &honestis
838 2019 1030 2120 spiritalem
1052 2021 1202 2099 satiatus
1239 2022 1481 2122 disciplinam,
1513 2025 1797 2123 quibuscumque
1825 2045 1891 2120 po·

263 2153 359 2220 terat
386 2140 505 2218 modis
535 2163 607 2238 que
626 2141 843 2235 corrigenda
877 2139 1066 2236 judicabat
1094 2143 1141 2218 ad
1171 2142 1360 2239 meliorem
1386 2143 1522 2221 ilatum
1551 2145 1742 2241 reducere,
1786 2137 1890 2220 &se
1940 2225 1946 2236 ¹

217 2289 221 2303 ¹
264 2262 380 2362 ipsum
406 2262 454 2336 ad
478 2260 632 2365 virtutes
662 2285 734 2358 que
754 2259 841 2334 huic
869 2242 1082 2358 cssrupetunt
1108 2263 1252 2339 nomini
1271 2285 1489 2362 componere
1519 2262 1733 2358 satagebat,
1782 2310 1789 2321 ·

364 2448 472 2524 Hanc
496 2458 619 2522 autem
645 2446 760 2520 aDeo
781 2445 933 2540 gratiam
954 2446 1168 2544 posidebat,
1192 2461 1234 2528 vt
1249 2450 1407 2548 quadam
1427 2447 1604 2525 suauitate
1626 2436 1899 2553 &beniuolensf‘

264 2567 320 2648 tia
343 2591 414 2668 que
437 2566 565 2643 nitidis
592 2566 777 2641 mentibus
804 2566 1017 2643 naturaliter
1045 2566 1154 2645 inesse
1179 2569 1293 2669 solet,
1333 2594 1408 2645 non
1438 2569 1550 2646 solum
1575 2593 1658 2665 erga
1672 2565 1891 2670 ‘mediocres

265 2702 409 2788 gratum
428 2684 489 2763 'fibi
513 2684 722 2761 conciliaret
752 2685 933 2776 fauorem,
965 2709 1092 2763 verum
1127 2687 1240 2766 etiarn
1263 2688 1345 2786 ipsrs
1372 2693 1559 2788 priorprior
1590 2684 1892 2765 commendabilis

267 2794 463 2909 appareret.
512 2805 676 2900 Contigit
699 2806 856 2896 interea,
895 2817 936 2884 vt
958 2830 1006 2884 ex
1035 2807 1151 2903 gratia
1187 2811 1225 2886 dr
1251 2808 1427 2884 beneficio
1460 2807 1643 2882 saluatoris
1676 2804 1784 2884 nostri
1809 2804 1892 2902 ejus

265 2953 340 3028 que
371 2929 527 3002 reuerendi
539 2926 705 3021 sanguinis
743 2951 828 3023 quem
851 2929 931 3023 apud
959 2952 1014 3000 nos
1045 2934 1210 3002 retinnnur
1244 2933 1366 3024 pedam
1387 2935 1536 3002 rnirarulu
1556 2926 1688 3022 fierent,
1736 2928 1911 3024 ideoque

268 3060 346 3125 tarn
370 3046 682 3140 innummerabilis
704 3048 751 3121 ad
776 3044 913 3138 sacrum
939 3047 1059 3124 locum
1085 3047 1227 3144 ceperit·
1241 3046 1433 3133 hominurn
1451 3046 1646 3149 multitudo
1663 3060 1895 3140 concurrere,

269 3179 312 3248 vt
334 3189 406 3242 non
432 3161 544 3243 solum
582 3187 630 3237 ex
659 3164 790 3240 vicinis
819 3166 878 3240 sed
907 3167 1018 3241 etiam
1047 3191 1094 3242 ex
1123 3166 1273 3242 remotis
1301 3158 1588 3265 'circumquaque
1612 3159 1772 3263 partibus
1793 3169 1911 3258 ceci,-

183 3351 185 3354 ,
269 3285 383 3373 surdi,
409 3282 522 3366 muti,
549 3283 687 3370 claudi,
719 3284 1056 3383 &quibuscunque
1086 3287 1222 3363 morbis
1250 3285 1395 3383 opprelsr
1429 3288 1641 3360 cateruatim
1671 3289 1894 3365 adduceren-

268 3419 348 3503 tur,
375 3404 548 3501 fieretque
568 3426 643 3477 non
673 3404 818 3479 modica
842 3405 1018 3480 exultatio
1036 3405 1259 3481 intuentium
1298 3429 1381 3481 cum
1412 3406 1467 3479 eis
1503 3405 1635 3502 pariter
1667 3408 1728 3504 qui
1759 3421 1904 3483 munus,

129 3580 131 3584 »
264 3504 447 3625 'sospitatis
478 3545 541 3619 per
562 3482 944 3633 lleimisericordiam
967 3526 1136 3624 suscipere
1159 3538 1380 3602 meruerunt
1454 3525 1551 3605 Cum
1583 3524 1655 3610 hec
1682 3540 1895 3621 agerentur,
1917 3556 1931 3578 ··
1946 3586 1963 3596 -,

273 3651 313 3728 &
340 3647 438 3724 sama
464 3641 581 3719 diuini
611 3644 772 3719 muneris
806 3645 912 3741 longe
944 3647 1088 3743 lateque
1114 3646 1338 3733 claresceret,
1363 3669 1437 3720 non
1462 3644 1560 3720 enim
1585 3645 1699 3740 potest
1725 3647 1895 3733 abscondi
1946 3664 1952 3671 ’

130 3853 139 3859 ,
272 3766 417 3844 Ciuitas
446 3764 547 3860 super
577 3774 740 3858 montem
768 3763 897 3861 pofita,
941 3778 1164 3842 memoratus
1200 3778 1303 3862 pater
1330 3765 1506 3842 honorem
1535 3765 1603 3838 Dei
1633 3767 1896 3877 tanquam-sue
1948 3833 1952 3840 .

273 3885 360 3963 fidei
388 3882 528 3980 speciali
558 3884 715 3980 quodam
742 3882 868 3961 affellu
897 3885 1121 3960 commissum
1148 3884 1339 3983 ampliare,
1372 3888 1410 3962 dr
1436 3909 1493 3960 ex·
1508 3883 1638 3961 celebri
1660 3885 1895 3966 celebriorem
1940 3934 1942 3940 ·

62 4021 70 4040 '
163 4063 170 4074 s
272 4007 425 4085 reddere
452 4001 640 4098 gestiebat,
689 4007 726 4082 dr
756 4004 872 4100 primo
895 4003 1044 4111 quidem
1075 4007 1255 4080 dominicum
1279 4008 1461 4102 sanguinem
1488 4030 1563 4080 auro
1593 4009 1636 4092 ἐξ
1664 4015 1794 4101 gemmis
1816 4009 1896 4097 suut

274 4125 359 4202 lodie
381 4130 517 4201 cernitur
543 4116 657 4198 includi
671 4122 769 4218 ferit,
802 4135 903 4200 ratus
929 4126 972 4200 ab
1002 4150 1046 4198 eo
1075 4123 1184 4218 digne
1209 4125 1475 4209 inchoandum,
1511 4149 1559 4198 ex
1584 4149 1655 4221 quo
1677 4127 1806 4202 intima
1830 4153 1898 4203 no·

276 4248 397 4325 bis&
433 4241 646 4317 inuiscerata
676 4242 824 4341 superne
854 4243 1114 4321 benedisiionis
1146 4243 1301 4320 dulcedo
1329 4244 1461 4338 jugiter
1487 4256 1643 4319 emanat.
1703 4246 1927 4330 Quendam¹

274 4389 362 4448 vero
391 4377 531 4462 partem
564 4367 600 4436 de
636 4369 720 4457 ligno
750 4368 863 4440 donini
891 4363 979 4439 olim
1011 4363 1209 4459 neglesiam
1240 4364 1335 4438 inter
1368 4364 1456 4453 alias
1478 4363 1648 4461 reliquias
1672 4368 1916 4462 repperiens»

275 4509 395 4563 crucem
414 4490 583 4557 manualem
610 4505 649 4556 ex
671 4506 746 4587 nure
767 4500 848 4581 paro
871 4482 947 4577 fieri
965 4481 1067 4580 juffit,
1100 4483 1138 4557 in
1161 4506 1233 4581 qua
1253 4483 1514 4559 sacratissimam
1543 4483 1717 4559 dominici
1745 4487 1899 4583 patibuli

245 4606 426 4696 ,affusam
449 4601 616 4699 reposuit.
665 4601 789 4678 Aliam
811 4615 976 4700 preterea
998 4627 1114 4700 crucem
1132 4604 1328 4715 gestatoriam
1353 4606 1389 4680 dr
1415 4607 1525 4676 tibrum
1548 4600 1707 4700 miricam,
1733 4603 1899 4703 itemque

276 4723 432 4806 bruelium
460 4725 496 4799 S.
524 4723 674 4820 Georgii,
698 4746 773 4797 auro
792 4725 835 4810 δ’
856 4736 982 4820 argento
993 4732 1177 4822 gemmisque
1194 4720 1331 4823 'bessum
1378 4719 1540 4800 Calicem
1563 4736 1775 4819 argenteum
1798 4748 1899 4821 egre·

1839 4844 1900 4943 gie
