4276 5670
721 381 1141 476 ewam*
1672 389 1738 470 117

107 569 271 667 prouida,
310 576 349 639 or
373 574 460 639 torte
480 564 703 662 consereretur,
736 588 790 660 que
815 565 858 652 ἔμ’
882 569 916 639 io
939 557 995 637 loc
1018 563 1061 646 δ’
1086 566 1121 636 io
1145 576 1331 652 sequerer
1355 579 1420 632 ora
1433 553 1589 656 sufficiae
1608 555 1649 628 od
1662 576 1742 629 cora

113 688 350 769 moadeca,
385 704 493 783 carpto
515 686 629 760 manieti
652 690 686 759 io
709 703 945 757 eaucunnurr
968 700 1157 755 nourmca
1184 699 1455 765 nmeavarvu,
1486 672 1571 750 uae
1597 698 1666 747 aare
1692 678 1744 748 illo

113 808 212 883 aare
232 807 310 902 quod
333 807 374 879 od
393 805 513 900 prosam
535 803 587 897 ‘est
615 804 827 900 custodum
898 797 997 874 lofra
1021 798 1160 875 millam
1179 814 1327 895 pauperes
1348 820 1467 894 ,quam
1503 792 1742 873 familiaribus

114 949 232 1024 quam
268 922 441 1000 nauibus
478 921 644 1021 deputati
678 919 868 996 claustrum
902 941 967 1015 per
997 921 1142 993 decoraoo
1170 921 1240 992 celle
1269 915 1462 991 introducti
1486 913 1540 989 ita
1562 910 1743 988 considere

114 1040 295 1141 jubentur.
359 1039 563 1115 Koorronos
586 1064 695 1134 opiam
720 1037 758 1114 ἃ
780 1044 873 1114 aare
898 1037 936 1113 da
957 1040 1097 1112 denarios
1122 1039 1160 1113 dt
1184 1033 1344 1132 quelibet
1366 1032 1557 1112 neceffaria
1582 1034 1630 1110 ad
1651 1029 1743 1108 illud

114 1167 297 1240 ιωάαίιαι
321 1170 503 1260 preparat,
525 1164 666 1250 cadmios
680 1168 786 1254 patum
810 1157 1025 1249 amroimstral.
1077 1155 1232 1239 Quando
1258 1150 1373 1249 Agma
1391 1158 1439 1230 dri
1461 1153 1604 1228 canitur
1628 1153 1743 1227 forme

115 1282 255 1367 iterum
278 1278 523 1378 explicantur,
550 1277 675 1354 altaria
702 1300 847 1374 quoque
874 1274 999 1355 omnia
1017 1286 1121 1370 preto
1145 1277 1324 1348 dominicam
1344 1277 1555 1358 madar,
1580 1270 1744 1367 ejusve·

115 1424 158 1478 ro
181 1397 386 1475 denudacio
412 1419 526 1495 vsque
556 1397 647 1471 dum
680 1395 844 1470 sacerdos
885 1395 1044 1471 discedat
1079 1390 1251 1469 differtur.
1327 1393 1390 1468 Per
1418 1394 1490 1488 ssas
1516 1403 1645 1488 paloor
1675 1392 1743 1465 aler

116 1528 278 1619 quisquan
293 1519 440 1614 fratrum
458 1520 675 1592 commoriente
697 1537 757 1588 noo
779 1514 928 1611 arraserit,
972 1520 1065 1588 amm
1083 1509 1116 1605 fi
1137 1515 1221 1587 aliud
1244 1517 1305 1586 tale
1336 1515 1409 1613 quala
1438 1516 1601 1589 amurca·
1629 1511 1744 1585 malda·
1897 1524 1901 1531 ·

117 1648 184 1716 rii:
213 1641 253 1717 dr
278 1649 412 1745 tamen·
426 1660 490 1736 per
512 1635 581 1710 hos
605 1649 679 1708 tres
705 1633 786 1709 dies
805 1649 870 1731 pax
893 1658 953 1708 ooo
975 1628 1329 1716 aoe,1s1cotu1m1
1355 1653 1535 1709 onuruvrr
1559 1630 1743 1707 testantur.
1871 1648 1875 1655 ·

60 1746 63 1751 ¹
117 1759 275 1863 Quando
293 1756 414 1865 tercia
445 1755 524 1831 vice
548 1752 663 1848 agas
688 1758 737 1829 dra·
761 1753 918 1839 canitur,
962 1773 1066 1828 noua
1099 1770 1210 1826 noers
1243 1769 1366 1826 recen
1399 1775 1474 1826 non
1510 1749 1745 1846 subjungitur.

118 1876 295 1975 vesperos
317 1875 393 1973 post
416 1874 556 1951 millam
580 1870 668 1947 ficut
692 1895 756 1968 per
781 1883 897 1948 totam
919 1872 998 1950 Xl„
1022 1867 1235 1946 differimus.
1300 1868 1405 1946 Milia
1430 1892 1516 1947 cnm
1541 1890 1745 1945 amantea·
1791 1968 1797 1974 ¹
1847 1912 1854 1927 ·
1904 1949 1911 1961 ,
2037 1945 2041 1953 ,

118 2017 200 2071 orvs
223 2017 378 2071 nonno
403 1994 593 2070 clauditur.
667 1994 821 2079 Quando
846 1991 922 2088 post
944 1991 1150 2066 oracionem
1182 2008 1238 2089 per
1268 1992 1422 2065 domium
1451 1989 1585 2083 rostram
1616 1987 1745 2086 incipi·

11 2150 20 2159 ·
48 2198 53 2205 ,
118 2129 202 2200 tur,
228 2138 251 2190 a
274 2113 432 2205 custode*
446 2110 592 2201 ecclelie
617 2115 721 2185 labala
745 2111 824 2188 vice
840 2112 929 2207 scilla
952 2112 1094 2186 tamdiu
1117 2110 1316 2207 percutitur
1343 2110 1462 2185 donec
1492 2109 1614 2186 oracio
1643 2107 1746 2187 linia-

117 2248 192 2311 tur.
241 2231 409 2308 Posthinc
433 2253 547 2328 usque
572 2231 619 2306 ad
646 2232 753 2306 Gloria
778 2238 812 2306 io
835 2228 956 2324 excelsu
980 2228 1017 2303 in
1046 2228 1191 2308 sabbato
1214 2230 1336 2306 nullus
1359 2231 1445 2325 infra
1467 2230 1528 2308 vel
1550 2241 1639 2304 extro
1661 2235 1744 2304 alara·

109 2357 220 2450 Jlram
244 2351 360 2430 utitur
380 2353 485 2457 osculo.
542 2352 691 2425 Sacerdos
715 2373 784 2424 cam
809 2358 890 2426 amai
914 2352 1073 2444 diligencia
1097 2366 1206 2448 carpta
1228 2352 1409 2426 donam
1431 2352 1566 2426 recondit
1579 2351 1673 2448 staper
1696 2354 1744 2424 al·

117 2486 209 2559 rore,
233 2474 310 2567 qraod
330 2474 369 2572 ιβ
392 2483 476 2545 retro
495 2474 679 2567 principale,
706 2467 937 2544 Paucaeoiue
968 2493 1037 2541 uam
1063 2478 1156 2544 cereis
1178 2472 1221 2555 δ’
1238 2475 1371 2567 plarimo
1395 2470 1526 2568 mopso,
1558 2479 1743 2545 conuentu

117 2591 270 2668 interim
295 2589 442 2665 sedente
479 2589 517 2664 in
542 2589 672 2672 choo,
722 2589 853 2663 eodem
885 2587 1013 2664 ordine
1036 2612 1108 2686 quo
1134 2588 1172 2666 da
1199 2589 1247 2664 ad
1271 2589 1410 2666 millam
1434 2602 1512 2683 erat
1534 2590 1740 2674 ordinatus,

31 2706 70 2760 ’·
117 2732 283 2808 moxque
313 2711 361 2785 ad
387 2708 487 2785 idem
515 2708 626 2784 altare
660 2715 759 2783 loom
789 2708 950 2804 ponitur,
993 2712 1069 2803 qaod
1091 2733 1160 2783 oon
1188 2713 1259 2783 aliis
1286 2712 1327 2782 od
1353 2718 1519 2784 matutinos
1550 2715 1742 2803 emergimur
1849 2694 1852 2699 ’
1897 2700 1899 2704 ‘

82 2885 86 2888 .
115 2833 171 2918 &1
186 2832 284 2928 posteo
304 2852 364 2904 noo
386 2836 550 2927 reponitur,
604 2827 792 2924 Postquam
816 2826 966 2902 ministri
995 2826 1118 2902 altaris
1144 2829 1178 2902 se
1201 2829 1384 2916 exuerint,
1415 2829 1593 2926 prioribus
1620 2850 1742 2925 prece·

116 2947 315 3035 dentibus,
349 2949 525 3043 domnum
548 2948 726 3023 Abbatem
756 2968 885 3020 omnes
912 2947 1076 3022 secuntur
1096 2951 1136 3021 od
1158 2953 1335 3023 mondum
1358 2954 1523 3047 paaprnoo
1550 2973 1633 3026 cum
1659 2947 1741 3046 psal.
1806 2988 1819 3014 x

116 3066 275 3166 Mseren
300 3075 369 3143 mo.
417 3066 606 3164 Pollquam
635 3079 759 3149 autem
787 3065 983 3142 ordinatim
1013 3066 1254 3158 constiterint,
1291 3067 1363 3166 ipse
1387 3071 1546 3146 domnus
1569 3070 1678 3146 abbae
1701 3068 1741 3145 in

111 3195 223 3289 priam
243 3182 357 3281 frome
382 3203 549 3284 pauperem
581 3183 793 3259 constitutus
824 3183 920 3260 hanc
950 3186 1114 3284 imponit.
1144 3165 1214 3245 ⁸-
1271 3189 1427 3265 noane
1446 3187 1552 3288 Jesas.
1601 3191 1742 3286 loquo

117 3309 234 3387 verbo
256 3313 346 3380 uodo
370 3310 410 3378 ab
431 3311 568 3379 amalus
584 3306 684 3401 perito
712 3302 904 3380 inchoatur
930 3309 1128 3395 maloram,
1152 3307 1190 3385 dr
1212 3311 1276 3384 ilai
1300 3308 1338 3384 ἃ
1362 3311 1425 3382 aaa
1456 3310 1494 3384 in
1519 3321 1621 3406 parte
1637 3314 1742 3407 soalo-

103 3453 213 3514 m,
238 3427 276 3505 dc
298 3428 469 3537 Mamor
498 3436 624 3519 tergore
649 3428 686 3502 dr
709 3425 891 3520 osodaotor.
960 3425 1140 3501 Similiter
1166 3428 1204 3501 in
1230 3437 1331 3524 parte
1345 3429 1504 3523 jootoroo
1526 3431 1661 3524 agitur,
1701 3432 1743 3510 da

115 3547 185 3624 zui
213 3543 368 3643 quisque
394 3543 526 3619 lauerit
542 3544 643 3619 ¹huic
674 3565 818 3658 quoque
838 3543 971 3638 tergit,
1015 3547 1196 3643 accipiens
1218 3548 1262 3623 ab
1287 3546 1350 3622 illo
1372 3546 1553 3624 lintheum
1576 3549 1639 3648 qui
1665 3548 1744 3647 poli

116 3668 157 3747 {e
184 3664 236 3741 est
260 3663 470 3750 lauatnrus,
511 3666 548 3740 dr
570 3663 776 3740 comminus
802 3664 847 3739 ab
876 3663 956 3750 illo,
999 3666 1045 3742 ab
1073 3665 1139 3741 ilio
1162 3691 1237 3743 vas·
1255 3691 1340 3743 cum
1367 3691 1461 3766 aqua
1488 3693 1598 3767 quam
1626 3669 1745 3747 effun-

115 3789 207 3870 dat,
231 3780 341 3859 oliam
358 3782 421 3858 luo
443 3782 590 3879 pauperi
614 3776 800 3859 allaturus.
861 3787 954 3860 Mox
979 3786 1116 3862 tercius
1131 3784 1178 3862 'in
1213 3787 1340 3863 ordine
1364 3788 1544 3866 lintheum
1577 3789 1742 3888 aprime

117 3902 272 4001 ancipit,
307 3902 407 4001 quod
429 3901 562 3977 iteruin
585 3903 661 3998 'qus'
680 3899 803 3977 laneo
831 3905 893 4000 qui
924 3917 1013 3980 tunc
1035 3905 1133 3981 lauat
1155 3905 1314 4003 inponit,
1353 3906 1497 4007 ipseque
1519 3921 1649 3986 mutuo
1674 3933 1743 3991 var

116 4026 170 4115 de
191 4035 288 4098 terra
320 4019 452 4095 tollens
484 4044 615 4118 aquam
642 4035 808 4119 apportat
850 4025 887 4099 aa
927 4023 978 4125 ita
1008 4024 1050 4100 fit
1087 4049 1152 4123 per
1175 4025 1343 4124 reliquos.
1406 4030 1502 4106 Sunt
1531 4043 1654 4107 autem
1681 4034 1742 4108 duo

115 4146 197 4243 noste
218 4163 311 4239 aque
330 4136 369 4214 in
392 4151 543 4238 vtraque
566 4151 667 4237 parte
690 4142 829 4219 claustri
855 4142 966 4240 posita
991 4149 1029 4222 dr
1054 4147 1159 4242 juxta
1186 4159 1377 4245 utrumque
1400 4173 1495 4228 unus
1525 4149 1635 4226 frater
1655 4172 1741 4230 cum

115 4288 210 4345 ama
239 4261 303 4360 qui
336 4258 530 4358 unicuique
559 4262 749 4354 accedenti
778 4285 910 4361 aquam
935 4265 1198 4342 sumministrat
1263 4269 1429 4346 Pendeat
1450 4271 1567 4349 mam
1590 4269 1638 4345 ibi
1665 4272 1741 4347 duo

110 4388 332 4476 macagio,
355 4388 397 4458 vt
427 4380 580 4477 quisque
608 4380 685 4477 post
709 4381 937 4483 lauacionem
963 4388 1099 4483 pedum
1126 4388 1271 4462 rediens
1294 4390 1452 4486 propriae
1478 4415 1611 4468 manus
1641 4393 1741 4472 lauet

118 4507 158 4583 ά
184 4511 314 4595 tergat
373 4498 445 4584 Qui
466 4509 591 4575 tamen
619 4500 748 4577 fratres
772 4502 980 4601 aliquunde
1009 4504 1082 4580 hiis
1113 4506 1286 4603 quiante
1313 4508 1480 4586 lauernnt
1504 4511 1657 4588 vicarios
1681 4511 1742 4590 in·

116 4621 228 4700 terim
255 4618 434 4716 recipiunt
460 4620 579 4698 donec
603 4622 643 4698 dc
673 4620 735 4717 ipsi
762 4646 785 4698 a
813 4623 954 4702 suorum
986 4626 1399 4726 pauperum-lauaciooe
1422 4631 1588 4712 redeant.
1643 4630 1742 4728 loir·

100 4751 163 4827 >ai
185 4751 223 4823 la
242 4745 373 4840 capitale
384 4739 458 4840 sals
474 4743 660 4839 popolus
683 4741 896 4824 efficiantur.
970 4835 976 4845 Ι

1011 4866 1252 4964 1²3.
1650 4840 1947 4973 Μ’,
