4276 5670
880 384 1303 483 *omme
1831 361 1904 482 'aar

239 539 243 545 ’
285 545 290 553 ’
371 564 674 642 Reuerendiffime
703 555 862 642 Domine
883 566 1042 643 Domine
1074 566 1282 664 plurimum
1303 564 1532 644 obseruando.
1600 559 1758 641 Litteras
1784 566 1905 641 Reue-

272 685 499 770 rendiffimae
529 685 796 763 Dominationis
821 686 955 764 vestrae
978 701 1145 762 extrema
1165 686 1227 761 die
1248 687 1409 786 januarii
1438 689 1485 763 ad
1509 710 1570 765 me
1597 689 1703 763 datas
1732 687 1826 763 reste
1845 708 1904 760 ac·
1972 774 1975 783 ‚
2051 677 2056 684 ’

273 805 364 904 cepi.
415 805 649 883 Accesserunt
672 806 818 884 iuterim
852 806 956 904 plura
984 806 1070 881 solia
1096 806 1251 882 Chartae·
1262 833 1480 906 pergamenae
1501 813 1547 884 ad
1573 830 1749 905 nuperum
1772 828 1904 881 nume·

254 948 375 1010 rum,
401 927 447 1001 de
470 951 540 1023 quo
563 927 772 1025 scrIpseram.
834 928 948 1003 Coelo
977 913 1150 1026 patdatim
1173 928 1412 1003 constantiore
1435 932 1472 1006 dr
1503 926 1647 1002 sicciore
1673 928 1822 1014 curabo,
1861 938 1903 1003 vt
2041 972 2044 977 ,

271 1043 413 1141 integra
437 1048 475 1123 dr
504 1048 621 1122 illaesa
655 1047 870 1148 Oeniponrum
895 1048 1168 1124 transferantur.
1219 1045 1306 1122 Has
1329 1047 1440 1125 scribo
1464 1047 1649 1122 occafione
1667 1047 1900 1131 Litterarum,
1982 1102 1986 1108 ι

272 1186 364 1264 quas
390 1167 634 1247 illustriffimus
657 1191 699 1242 ac
720 1169 1049 1246 Reuerendiffimus
1074 1166 1187 1245 vester
1215 1168 1411 1267 Episcopus
1433 1171 1479 1244 ad
1511 1192 1572 1245 me
1604 1168 1725 1254 dedit,
1761 1165 1797 1239 in
1820 1163 1902 1263 qui-

269 1285 339 1363 bus
366 1289 577 1385 potestatem
603 1288 708 1375 facit,
749 1291 844 1365 duos
878 1288 1163 1388 Sontgeorgianor
1197 1288 1258 1363 hic
1300 1289 1431 1366 fratres
1475 1287 1665 1388 Didingam
1708 1283 1898 1372 mittendi,

270 1410 368 1505 quod
394 1399 561 1485 absolutis
582 1407 682 1506 prius
709 1409 786 1507 post
808 1395 993 1487 osiiduum
1023 1408 1216 1484 Exercitiis
1248 1407 1519 1506 spiritualibus,
1556 1422 1595 1485 vt
1621 1420 1770 1495 vocant,
1800 1406 1901 1482 sotu-

269 1544 351 1603 111111
381 1529 442 1605 est.
502 1527 745 1626 Libenterque
766 1531 957 1626 pecuniam
978 1529 1021 1606 de
1044 1528 1114 1604 alia
1145 1528 1358 1617 necessaria,
1399 1521 1649 1609 v‘tCelsrtudo
1680 1527 1741 1603 sua
1772 1525 1912 1624 petiit,¹
1954 1550 1976 1577 s
2051 1545 2054 1550 ·

268 1647 547 1725 subministrabo.
599 1650 734 1727 Scribit
761 1650 846 1724 dein
876 1636 1058 1726 Celsrtudo
1087 1649 1148 1723 sua
1175 1649 1212 1723 se
1238 1650 1363 1726 seriam
1403 1650 1564 1745 cogitare
1601 1647 1897 1726 reformationem

268 1772 305 1846 in
326 1770 402 1867 jam
425 1770 520 1846 disto
539 1769 773 1852 hlonasterio,
798 1768 958 1869 hincque
979 1769 1137 1868 aliquem
1160 1791 1208 1842 ex
1230 1769 1323 1846 meis
1343 1771 1511 1850 Patribus
1526 1760 1634 1845 ‘mitti
1654 1781 1811 1867 cuperet,
1829 1764 1895 1864 qni

266 1892 317 1966 illi
345 1889 444 1991 operi
476 1890 677 1965 interesset:
703 1887 811 1985 velli
834 1893 1027 1966 commode
1047 1888 1120 1965 hoc
1145 1888 1222 1966 fieri
1238 1890 1424 1989 nequiret,
1449 1891 1574 1966 saitem
1595 1888 1894 1965 informationem
1996 1876 1998 1879 ¹

266 2011 423 2108 aliquam
446 2010 762 2086 communicarem.
832 2009 938 2090 Quod
964 2008 1124 2086 officium
1156 2033 1221 2108 pro
1244 2033 1327 2087 mea
1351 2011 1389 2086 in
1418 2011 1678 2088 eelsitudinem
1702 2010 1801 2086 suam
1830 2008 1896 2084 ob-

264 2131 457 2213 servantia,
484 2127 522 2205 de
552 2151 616 2228 pro
638 2133 733 2207 bono
756 2129 836 2226 ejus
859 2128 1066 2223 hlonasterii
1089 2141 1256 2228 prompto
1269 2126 1401 2207 ¹animo
1428 2129 1559 2217 offero,
1584 2140 1690 2230 prout
1713 2128 1825 2206 etiam
1853 2126 1893 2216 iu

263 2252 357 2329 meis
386 2253 432 2326 ad
456 2248 716 2327 Celsrtudinem
745 2250 843 2326 suam
871 2249 1003 2326 litteris
1030 2249 1071 2326 id
1099 2249 1212 2349 ipsum
1240 2249 1372 2347 scripfi,
1412 2273 1546 2349 meque
1575 2263 1741 2350 paratam
1767 2247 1892 2325 obtuli.

262 2372 356 2452 Mihi
380 2394 463 2448 vero
489 2371 536 2445 de
559 2370 631 2444 hoc
655 2380 869 2466 argumento
898 2368 1131 2447 deliberatius
1158 2393 1232 2446 non
1261 2368 1354 2445 nihil
1383 2370 1558 2467 cogitanti
1589 2360 1783 2448 occurrunt
1816 2388 1900 2444 non'

262 2515 394 2591 pauca,
419 2514 512 2589 quae
532 2489 629 2585 spem
652 2490 822 2585 exiguam
846 2489 985 2567 faciunt
1013 2491 1176 2565 melioris
1205 2490 1244 2566 in
1269 2490 1331 2566 illo
1358 2491 1440 2566 loco
1469 2491 1582 2568 futuri
1608 2491 1745 2576 status,
1777 2508 1899 2588 quanm*
2021 2539 2025 2545 -

261 2624 498 2709 mmcumque
521 2609 783 2700 hieronimus,
811 2623 988 2699 conetur,
1006 2610 1287 2709 &praescribat
1333 2613 1409 2687 Res
1434 2610 1558 2696 enim,
1584 2623 1625 2687 vt
1651 2612 1804 2709 quisque
1824 2633 1892 2685 no·

261 2734 335 2818 uit,
360 2730 513 2807 confiuit
536 2731 573 2805 in
603 2733 844 2819 executione,
868 2756 962 2830 quae
984 2731 1055 2806 hoc
1075 2744 1240 2827 tempore
1267 2732 1393 2830 sperari
1416 2732 1499 2806 aD.
1515 2732 1656 2807 abbate
1679 2732 1777 2822 haud
1797 2727 1891 2828 polle

259 2857 428 2934 videtum
455 2852 586 2948 quippe
606 2851 667 2948 qui
688 2843 970 2934 meliorasorte,
995 2872 1065 2925 nec
1094 2851 1204 2933 vidit,
1237 2872 1306 2924 nec
1333 2852 1482 2927 edosius
1509 2852 1569 2926 eil.
1619 2893 1670 2907 —
1715 2893 1765 2909 -
1812 2849 1889 2926 Sed

258 3000 327 3050 nec
356 2965 531 3048 Monachi
544 2970 621 3068 sola
653 2972 894 3046 ordinationum
909 2969 1168 3070 praescriptione
1192 2969 1405 3046 corrodebant
1391 2984 1463 3058 tur,
1491 2969 1556 3045 nist
1585 2964 1769 3069 Spiritum
1789 2969 1890 3066 prius

257 3095 416 3195 aliquem
446 3091 639 3177 imbibant,
662 3089 901 3189 exemploque
926 3089 1078 3166 aliorum
1103 3088 1311 3176 tralnantur,
1336 3093 1374 3170 de
1397 3088 1483 3177 snt
1515 3092 1665 3190 quiens
1690 3092 1728 3165 in
1754 3088 1886 3174 officio,

256 3215 378 3294 debita
407 3210 621 3293 Charitate,
655 3211 692 3287 &
716 3211 968 3285 moderatione
999 3209 1261 3285 contineant
1272 3252 1323 3267 -
1368 3251 1418 3267 -
1465 3253 1515 3269 -
1564 3211 1726 3287 nullus'
1716 3231 1753 3285 111
1787 3207 1887 3284 Con·
1960 3302 1963 3307 Ι
2080 3195 2082 3199 ’

255 3348 371 3411 uentu
398 3331 503 3407 ¹·Prior
526 3332 584 3406 seu
611 3329 793 3429 Superior,
828 3330 943 3428 qualis
974 3329 1187 3405 necessarius
1217 3331 1289 3419 est,
1327 3329 1389 3430 qui
1423 3332 1605 3408 Abbate
1595 3354 1632 3406 111
1670 3321 1894 3405 Domesticis

256 3467 432 3572 occupato
460 3475 606 3546 gregem
639 3449 820 3536 obseruet,
860 3451 898 3526 dr
930 3450 1099 3525 Excessus
1135 3450 1300 3546 corrigat.
1351 3492 1400 3508 -
1447 3492 1498 3508 -
1555 3451 1658 3526 Haec
1681 3473 1749 3546 ego
1771 3449 1896 3525 didici

255 3579 300 3653 ab
324 3574 398 3651 istis
423 3577 583 3654 duobus,
609 3571 669 3668 qui
696 3572 757 3645 hic
781 3555 970 3646 nobiscum
997 3573 1104 3670 suntg
1130 3594 1223 3669 quos
1242 3570 1438 3667 diligenter
1457 3571 1686 3677 examinaui,
1719 3571 1757 3648 dr
1783 3569 1884 3656 vicis,
1989 3604 1992 3609 ⁴

249 3686 317 3772 hm
343 3694 404 3792 ipsr
430 3693 583 3769 fideliter
617 3692 846 3770 &Candide
874 3691 1142 3787 responderunt.
1208 3692 1357 3777 Monui,
1390 3704 1431 3770 vt
1458 3695 1591 3790 puntla
1612 3692 1796 3794 *quaedam
1817 3715 1883 3765 no·

251 3827 389 3902 tarent,
415 3814 578 3912 mihique
604 3837 649 3887 ea
674 3813 710 3887 in
737 3811 889 3909 Scriptis
917 3813 1118 3895 traderent,
1145 3835 1240 3909 quae
1264 3810 1326 3886 hic
1351 3811 1479 3900 mitto,
1489 3823 1552 3890 ·vt
1574 3813 1817 3889 Reuerendils
1820 3834 1882 3889 ma

249 3937 296 4012 D.
328 3938 369 4016 V.
408 3936 554 4018 videat,
587 3934 669 4031 quis
693 3932 759 4016 lit,
788 3935 825 4010 de
856 3931 1029 4010 hasienus
1060 3931 1170 4008 fuerit
1195 3930 1274 4027 ejus
1298 3933 1368 4007 loci
1401 3933 1535 4016 statum
1577 3939 1615 4010 de
1643 3933 1742 4009 idem
1771 3935 1888 4016 credo,

249 4078 394 4134 mecum
420 4055 573 4130 sentiet:
600 4054 791 4153 difficulter
817 4051 990 4129 nimirum
1019 4051 1200 4149 aliquid
1187 4073 1261 4147 pam
1294 4052 1418 4141 statui,
1452 4058 1489 4132 dr
1515 4049 1641 4152 sperari
1668 4053 1782 4170 posse,
1814 4051 1890 4127 nist.

249 4178 349 4254 alia
339 4191 508 4251 ineantur
530 4148 684 4248 confilia.
750 4149 861 4249 Saluo
885 4171 995 4268 igitur
1025 4150 1351 4271 melioriJudicio
1358 4185 1542 4270 putarem,
1577 4194 1663 4256 eos
1694 4171 1762 4270 ‘qui
1786 4194 1880 4246 non·
1915 4195 1916 4198 ‘
2001 4223 2009 4229 -

247 4300 337 4377 dum
363 4298 444 4373 sunt
468 4292 705 4381 Sacerdotes,
731 4292 813 4370 sunt
837 4306 929 4378 tres,
961 4293 1153 4382 vtaudio,
1183 4292 1295 4368 etiam
1320 4292 1415 4391 polle
1433 4295 1527 4369 duos
1549 4292 1607 4372 vel
1632 4303 1708 4368 tres
1732 4293 1879 4370 ramae
1918 4335 1919 4339 ¹

247 4419 390 4496 circiter
418 4417 478 4491 hic
505 4415 670 4491 leobinum
698 4415 786 4511 eise,
832 4414 905 4494 de
894 4436 931 4489 111
950 4413 1170 4510 regularibus
1198 4425 1309 4513 atque
1334 4413 1542 4492 monasticis
1584 4411 1831 4490 Exercitiis
1819 4434 1877 4488 111-

244 4539 357 4626 strui,
396 4561 504 4635 quam
530 4537 756 4613 Charitatem
781 4534 879 4611 haud
897 4546 1053 4631 grauate
1084 4533 1160 4610 mei
1182 4534 1314 4611 Patres
1341 4533 1412 4610 illis
1445 4533 1698 4623 exhibebunt,
1738 4533 1876 4652 delude

244 4654 409 4735 similiter
434 4658 614 4754 Dilingam
635 4655 807 4733 mittendi
830 4655 959 4742 essent,
983 4654 1172 4731 biennium
1199 4653 1342 4730 circiter
1367 4656 1415 4734 ibi
1439 4649 1607 4731 mansuri.
1627 4696 1677 4713 -
1724 4696 1777 4714 -··
1821 4668 1875 4713 f·-
1910 4675 1927 4687 ·

242 4778 443 4907 Biennium
466 4780 544 4879 post
566 4776 707 4856 circiter
730 4778 883 4887 domum
903 4777 1111 4861 reuocatis,
1150 4776 1188 4853 de
1214 4775 1262 4853 ad
1286 4774 1537 4872 meliorarem
1559 4773 1770 4877 dispositis,
1764 4775 1912 4908 11111.Ν
