4276 5670
265 365 315 457 64
474 462 481 471 ,
868 359 1287 451 eefflw'me
1345 452 1348 457 ,

367 542 501 620 Verum
526 547 565 612 vt
592 536 661 611 hec
687 534 884 610 obseruatio
912 536 1073 611 tenatius
1100 534 1349 612 roboretur&
1380 531 1519 610 sirmius
1551 540 1728 611 teneatur.
1779 535 1891 616 Com·
1941 544 1944 554 “

136 661 143 670 ’
272 663 375 746 muni
400 658 545 736 consilio
567 669 676 754 atque
697 653 866 731 consensu
889 653 1005 730 totius
1030 655 1209 752 Capituli,
1241 655 1413 730 statutum
1442 654 1493 728 est
1514 653 1553 729 dc
1580 654 1733 752 presenti
1760 657 1892 752 pagina

273 788 512 867 declaratum,
553 785 591 852 vt
623 772 767 866 nugulis
810 773 917 846 annis
958 772 998 847 in
1035 776 1164 868 Vigilio.
1185 780 1441 877 annotationis
1468 772 1514 870 ἐξ)
1553 772 1655 865 milia
1681 773 1808 851 festina
1843 777 1892 849 de

273 934 301 986 s.
327 925 448 985 matun
473 896 670 972 celebretur
703 915 747 964 eo
778 891 946 966 videlicet
976 892 1103 966 ordine
1132 896 1169 971 dr
1194 906 1380 999 apparatu(
1401 916 1473 999 quo
1506 913 1569 988 per
1601 892 1775 995 circulum
1803 891 1894 969 anni

223 1029 232 1034 ’
273 1028 362 1105 sicut
385 1013 615 1121 pienotatum
641 1010 709 1092 est,
736 1009 771 1082 in
799 1009 939 1084 sabbato
961 1009 1037 1084 lieri
1067 1011 1271 1100 consueuit,
1296 1012 1406 1109 idque
1430 998 1645 1105 generaliter
1669 998 1894 1097 obseruatus,

93 1131 97 1140 ’
160 1182 164 1188 -
273 1159 315 1229 vt
347 1138 550 1234 insignum
587 1143 758 1230 perpetue
781 1127 1067 1203 confirmationis
1098 1143 1174 1206 tam
1202 1131 1240 1206 in
1265 1130 1413 1237 „sabbato
1435 1131 1610 1228 quamin
1633 1129 1753 1226 vigilia
1775 1143 1815 1206 vt
1837 1130 1894 1206 di·

185 1319 192 1328 .
275 1271 372 1346 aum
405 1257 455 1333 est
480 1248 771 1329 annunciationis
796 1247 922 1322 vinum
943 1248 1111 1324 fratribus
1136 1250 1173 1324 in
1203 1252 1390 1328 resettorio
1414 1273 1517 1326 more
1547 1249 1647 1324 solito
1672 1250 1894 1348 propinetur.
1919 1236 1921 1242 Α

274 1384 350 1462 Sed
373 1402 420 1455 ne
443 1376 481 1451 in
506 1370 657 1469 dubium
681 1360 804 1443 veniat
828 1365 915 1462 quid
937 1365 1014 1441 lieri
1041 1368 1174 1443 debeat-
1196 1365 1218 1443 li
1243 1369 1336 1444 sorte
1358 1369 1486 1444 sellum
1509 1368 1803 1446 annunciationis
1831 1368 1896 1445 suo

274 1507 355 1584 loco
381 1491 549 1574 celebrari
574 1512 647 1563 non
672 1484 814 1582 poterit.
862 1485 979 1560 Caute
999 1487 1180 1584 prouisum
1202 1489 1276 1574 eli,
1301 1502 1341 1563 vt
1365 1509 1595 1586 quocumque
1612 1487 1684 1586 die
1712 1488 1750 1563 id
1772 1487 1895 1586 peragi

274 1615 509 1701 ooouenerit‚
534 1607 698 1708 proximo
721 1605 951 1678 antecedenti
974 1607 1034 1680 die
1064 1618 1139 1682 tam
1170 1610 1216 1682 de
1244 1586 1567 1695 sollemnibfficio,
1587 1626 1697 1705 quam
1723 1610 1770 1683 de
1789 1608 1895 1683 exhi·

276 1742 395 1824 benda
415 1731 582 1812 fratribus
603 1725 768 1802 Karitate
790 1720 980 1822 prescripta
1000 1724 1115 1802 forma
1130 1739 1306 1802 teneatur.

374 1974 457 2056 Hoc
492 1975 615 2045 autem
647 1959 734 2038 huic
760 1959 1007 2036 constitutioni
1039 1963 1350 2065 superaddendum
1382 1964 1610 2058 putauimus,
1650 1963 1895 2061 quietiores

275 2121 358 2180 mm
390 2099 426 2175 (b
454 2115 491 2166 rt
524 2093 649 2180 animo
679 2082 883 2176 taosududine
916 2080 954 2155 in
986 2082 1133 2178 Capella
1154 2083 1324 2176 'eiusdem
1348 2066 1497 2177 glosiose
1520 2083 1678 2177 Virginis
1707 2107 1728 2156 a
1757 2082 1896 2161 sacrista

275 2224 397 2301 lumen
420 2212 528 2288 soleat
556 2200 740 2280 notiumis
769 2199 918 2288 accendi
957 2204 1179 2300 temporibus
1203 2214 1272 2275 nos
1305 2202 1420 2276 cultui
1443 2201 1686 2290 venerationis
1716 2206 1796 2298 eius
1830 2202 1897 2278 ali·

276 2342 365 2445 quid
404 2357 451 2410 ex
484 2325 602 2403 nostra
635 2320 832 2397 deuotione
864 2319 1051 2420 cupientes
1080 2323 1242 2408 adicere,
1291 2321 1479 2400 communi
1511 2321 1666 2399 fratrum
1692 2316 1896 2400 nostrorum
1934 2424 1937 2429 .

276 2447 447 2537 consensu
480 2469 522 2522 ac
554 2440 737 2542 sponslone
767 2439 1012 2525 firmauimus,
1050 2452 1091 2518 vt
1122 2441 1249 2536 predio
1271 2443 1367 2537 quod
1401 2439 1438 2515 iu
1463 2440 1701 2518 Lotinwilare
1728 2429 1897 2538 ejusdem

277 2562 329 2659 rei
354 2572 456 2650 causa
480 2563 672 2662 specialiter
691 2559 997 2655 compareamus,
1019 2557 1156 2634 sacriste
1169 2539 1361 2654 deputato,
1386 2562 1433 2637 ad
1453 2558 1565 2656 ipsum
1580 2582 1666 2634 cura
1685 2559 1755 2635 bec
1774 2563 1811 2639 dt
1827 2561 1898 2641 im.
1941 2631 1945 2639 ,

176 2690 181 2695 ’
211 2682 219 2691 ’
275 2699 383 2801 pensa
408 2689 602 2793 pertineat,
642 2679 812 2781 quatinus
842 2700 864 2752 a
891 2701 1001 2753 mane
1031 2680 1217 2775 usquead
1250 2677 1524 2775 completorium
1552 2701 1616 2775 per
1643 2690 1762 2756 totum
1795 2681 1897 2761 diem
1930 2686 1935 2693 ’

278 2830 364 2896 ante
391 2812 500 2887 altare
521 2806 643 2881 lumen
673 2803 797 2876 ardere
816 2816 890 2871 non
914 2796 1069 2883 dannot,
1095 2796 1265 2894 idemque
1287 2797 1452 2893 predium
1476 2801 1574 2896 quod
1599 2799 1636 2873 in
1672 2800 1741 2875 hoc
1780 2825 1802 2877 a
1830 2826 1897 2879 no·

197 2918 200 2922 i
277 2939 334 3020 bis
359 2937 573 3031 deputatum
597 2920 665 2996 esse
689 2916 884 2995 dinoscitur
911 2917 949 2992 in
974 2916 1065 2992 alios
1090 2918 1171 2992 usus
1194 2915 1378 2992 transferri
1404 2940 1478 2993 non
1504 2918 1632 3015 liceat

376 3169 485 3259 Quod
513 3164 538 3238 sr
569 3160 650 3260 quis
674 3155 897 3256 presumptor
927 3165 990 3229 aut
1016 3153 1203 3250 sacrilegus
1230 3155 1407 3232 diabolico
1448 3156 1614 3236 instinttu
1653 3157 1901 3241 voluntarium
1921 3161 1942 3225 ι’

276 3296 394 3377 nollre
415 3281 622 3366 deuotionis
646 3279 760 3353 immo
784 3277 903 3350 tocius
919 3273 1065 3368 ¹collegii
1088 3297 1240 3361 munus,
1268 3276 1501 3352 immaculate
1521 3276 1687 3371 genitrici
1705 3279 1927 3357 detrahere*

278 3433 387 3516 atque
410 3407 559 3487 aufferre
573 3398 825 3495 temptauerit,
856 3380 1042 3472 Carbones
1064 3393 1264 3469 desolatorii
1287 3397 1421 3470 cadant
1438 3396 1537 3491 super
1550 3420 1647 3480 eum.
1664 3401 1701 3475 dr
1717 3384 1754 3471 in
1774 3398 1899 3494 ignem

278 3536 456 3615 deiciatur
486 3517 817 3614 inextinguibilem,
857 3515 1072 3610 tollaturque
1102 3514 1146 3588 ab
1181 3537 1226 3588 eo
1258 3515 1380 3592 lumen
1404 3505 1588 3591 'eremum
1616 3516 1680 3590 nin
1702 3514 1898 3614 resipiscat,

278 3658 341 3757 qui
366 3651 475 3731 reciso
498 3659 605 3742 atque
634 3638 793 3714 extintto
818 3633 996 3710 materiali
1020 3633 1159 3708 lumine
1185 3635 1287 3708 beate
1304 3634 1443 3728 Virgini
1462 3636 1655 3731 deputato,
1680 3635 1900 3717 inhonorare

272 3801 351 3857 non
370 3768 496 3851 timuit
518 3761 682 3839 celestem
705 3777 827 3852 regem
847 3754 967 3829 Deum
990 3757 1027 3831 dt
1052 3753 1254 3830 Dominum
1277 3753 1445 3831 nostrum.
1496 3754 1629 3832 Amen.
1757 3780 1760 3785 ·

766 3993 805 4071 bt
826 3996 923 4068 rodam
949 3995 1052 4068 Codice
1075 3999 1121 4066 ita
1141 3999 1243 4093 pergit
1258 3994 1413 4090 scriptore

376 4251 413 4324 4.
438 4222 533 4297 Libri
553 4238 644 4314 quos
664 4213 832 4290 Domnus
861 4205 1046 4282 Ber-troilus
1072 4205 1180 4302 hujus
1215 4206 1419 4283 monasterii
1450 4205 1572 4285 Abbas
1597 4213 1631 4284 de
1659 4231 1734 4286 nttn
1756 4213 1902 4310 conscribi

134 4330 140 4344 ³
279 4349 383 4433 fecit,
409 4345 448 4420 in
473 4339 645 4414 hocloco
671 4335 740 4407 hac
766 4333 813 4405 de
836 4329 940 4403 causa
969 4327 1134 4401 annotati
1164 4327 1416 4413 continentur,
1456 4349 1502 4400 ne
1525 4327 1644 4426 aliqua
1674 4353 1738 4406 eos
1759 4329 1902 4411 incuria

279 4469 376 4572 quod
401 4461 489 4540 absst
517 4455 679 4554 deperire
698 4451 904 4543 contingat,
943 4451 981 4526 dr
1003 4460 1043 4524 vt
1047 4446 1211 4539 ,facilius
1243 4446 1346 4520 licui
1375 4446 1493 4544 aliquo
1522 4469 1648 4525 eorum
1676 4451 1729 4528 vti
1755 4451 1902 4549 placue-

256 4593 325 4669 rit
345 4580 509 4684 inspettis
527 4598 654 4653 eorum
677 4570 812 4656 titulis,
836 4591 1048 4666 quecunque
1071 4568 1238 4645 moluerit
1264 4567 1383 4642 valeat
1408 4565 1571 4664 reperire.

1792 4689 1903 4770 Liber
1933 4730 1947 4753 ·

267 4830 271 4843 ·
322 4829 356 4912 t)
377 4825 443 4893 Har
461 4822 536 4889 arim
557 4813 634 4891 nosse
654 4821 686 4879 vl
706 4830 777 4880 rison
797 4809 947 4886 attilicinus
969 4811 1098 4896 exustum
1119 4811 1155 4896 est
1175 4810 1387 4899 ritonqirriunt.
