4276 5670
721 365 1175 457 *emto-1
1671 392 1749 468 arn

120 540 247 626 ..duos
272 540 394 615 saltem
422 562 556 626 annos.
582 537 641 618 ves
670 564 782 640 vsque
804 543 892 618 dum
922 543 1083 623 radicem
1119 541 1281 619 restituta
1315 542 1540 623 obieroaotia
1573 547 1745 636 firmarit.

122 660 281 746 „asserio
306 674 475 756 paterno,
498 684 609 758 quem
635 684 721 756 erga
748 662 834 736 sacri
864 661 1003 737 ordinis
1031 662 1321 753 aedificationem
1347 665 1459 760 gerit.
1492 667 1539 740 ad
1567 667 1746 747 Mooaste-

120 782 249 864 „rium
271 779 513 854 Lambacense
541 780 693 872 dirigere
719 805 790 855 non
815 780 1041 875 dedignetur.
1101 780 1198 857 oum
1230 786 1266 858 dr
1293 783 1413 860 frueu
1441 785 1746 867 Reuereodissima

92 895 357 982 .„Paternitar
388 898 500 975 veura
527 899 718 994 gaudebit,
756 902 792 976 dr
823 923 896 976 voa
926 922 1071 974 mecum
1100 899 1427 988 Reuereudiffimus
1463 903 1643 981 Dominus
1669 910 1744 985 Ab·

123 1019 217 1103 „bas
255 1017 506 1092 Lambaceusrs
542 1030 684 1092 tautum
720 1020 882 1094 fauorem
914 1031 1081 1092 aeternae
1118 1022 1313 1124 memoriae
1342 1021 1571 1098 consecrabit.
1644 1028 1745 1104 oeus

120 1136 194 1221 „0.
220 1138 270 1227 M.
298 1136 640 1212 Reuerendiffimam
674 1138 936 1212 paternitatem
968 1137 1120 1215 verram
1155 1137 1225 1213 suis
1261 1141 1361 1217 drS.
1390 1138 1518 1216 Ordini
1552 1143 1744 1224 diutissime

120 1255 336 1339 „conseruet
365 1255 595 1331 incolumem.
658 1254 776 1330 Datae
805 1255 1002 1350 Salisburgi
1031 1258 1075 1329 ad
1106 1256 1144 1331 S.
1168 1256 1317 1332 Petrum
1347 1257 1417 1334 Ao.
1456 1266 1558 1356 ¹⁶34
1594 1263 1682 1340 Dee.
1707 1290 1739 1345 2.

120 1374 477 1460 ..Reuerendiffimae
499 1397 542 1451 ac
561 1375 807 1476 Ampliffimae
824 1373 1095 1452 Domioationis
1122 1376 1256 1452 vestrae
1284 1377 1422 1452 Seruus
1438 1391 1642 1477 perpetuus.
1775 1396 1782 1403 '

999 1576 1034 1645 r.
1067 1579 1364 1654 auouurus.
1384 1568 1496 1647 'Arra
1518 1583 1637 1670 aare.

214 1844 367 1943 Vtrique
390 1867 501 1942 prope
532 1845 746 1922 ineandem
778 1788 993 1922 sententiam
1025 1820 1195 1944 rescripte
1221 1843 1429 1922 Franciscur
1442 1835 1584 1926 'Abbar
1613 1788 1741 1935 noster.

122 1964 337 2066 Lumbucenst
367 1965 440 2039 hoc
454 1979 610 2041 tenore:

215 2180 548 2266 „Reuerendiffime
566 2192 636 2256 etc.
660 2181 880 2279 Interceptae
912 2203 959 2257 an
993 2179 1176 2274 negseRae
1213 2180 1258 2256 R.
1293 2179 1331 2257 P.
1364 2181 1408 2259 V.
1440 2202 1524 2257 cum
1563 2183 1741 2277 adiuntur

117 2300 445 2385 „Reuereodiffimi
468 2300 621 2377 Abbatia
643 2300 920 2395 Sasisburgeofis
943 2300 1119 2387 Litterae,
1140 2323 1234 2399 quas
1256 2307 1313 2377 2⁶.
1336 2299 1556 2376 Nouembris
1572 2303 1741 2398 Superio-

118 2473 141 2504 „
152 2443 190 2493 re
217 2444 313 2494 anno
342 2421 507 2505 dederat,
536 2417 776 2519 apprimum
807 2419 968 2519 Januarii
986 2418 1256 2494 mensnmihi
1282 2422 1364 2495 suut
1397 2418 1577 2505 redditae,
1607 2435 1648 2498 vt
1675 2425 1742 2500 do·

116 2540 243 2628 „seam
271 2563 344 2612 non
383 2562 534 2636 parum,
569 2560 710 2615 moram
736 2540 917 2635 ejusmodi
949 2561 1073 2615 meum
1108 2539 1337 2633 gratificandi
1366 2537 1522 2615 studium
1559 2538 1602 2615 R
1627 2544 1665 2617 Ρ.
1693 2542 1740 2621 V.

119 2659 340 2754 „suspettum
365 2659 534 2733 reddere
551 2659 711 2755 potuisse.
781 2659 921 2742 Quibnr
956 2657 1112 2756 ,quidem
1146 2656 1278 2744 litteris
1311 2680 1417 2754 opere
1450 2657 1597 2752 dignin
1627 2684 1740 2759 quarn

118 2777 262 2867 ,verbis
285 2777 528 2872 responsurum
549 2778 686 2853 eadem·
706 2800 803 2852 nunc
827 2800 931 2854 mora
959 2789 1139 2862 moratur,
1162 2800 1236 2851 uon
1258 2776 1332 2850 srne'
1349 2775 1453 2852 causa
1473 2778 1741 2869 subuerentem,

119 2923 198 2987 „ne
231 2922 325 2997 quos
352 2897 398 2970 ad
428 2906 554 2970 votum
585 2896 628 2970 R.
656 2896 694 2970 P.
727 2896 769 2972 V.
797 2893 943 2971 mittere
966 2895 1219 2981 decreueram,
1243 2895 1353 2969 nimis
1378 2895 1443 2969 seri
1470 2895 1652 2982 venirent,
1675 2923 1740 2995 pe·

117 3019 227 3108 „titis
252 3021 289 3096 dr
318 3015 444 3089 accitis
462 3014 537 3110 jam
564 3015 709 3090 aliunde
737 3011 896 3098 colonie,
926 3013 1029 3111 quod
1053 3032 1199 3109 operam
1230 3014 1305 3087 mei
1333 3013 1429 3088 suam
1461 3014 1600 3090 diutius
1629 3017 1740 3094 distu-
1871 3100 1876 3105 ,

115 3139 271 3227 „sissent
321 3137 449 3231 Neque
478 3135 579 3218 sane,
606 3133 630 3206 si
656 3145 797 3232 mature
825 3136 862 3209 dr
889 3137 983 3211 rette
1013 3132 1128 3207 etiam
1155 3130 1297 3205 fuissent
1325 3133 1509 3218 redditae,
1537 3145 1623 3212 cum
1647 3135 1738 3234 hye-

116 3259 221 3343 „mis
244 3227 478 3330 incsementia
507 3268 588 3327 tum
617 3252 721 3348 copia
754 3252 914 3336 niuium,
946 3276 990 3326 ac
1022 3275 1066 3326 ea
1096 3251 1235 3347 iusuper
1269 3273 1361 3347 quae
1397 3273 1420 3325 a
1454 3252 1570 3328 milite
1608 3257 1646 3332 dr
1682 3256 1739 3330 in·

116 3376 300 3460 „settione
315 3371 582 3471 pericuiasunt,
606 3371 710 3447 aliter
730 3370 901 3454 sruisseot,
927 3371 1160 3464 srnerentque.
1210 3369 1346 3454 Quare,
1372 3369 1395 3442 si
1422 3369 1465 3448 R
1491 3373 1532 3446 P.
1551 3373 1592 3449 V.
1605 3375 1739 3452 erton-

114 3521 233 3582 „num
257 3496 395 3591 placeat
421 3516 566 3587 operam
591 3491 746 3575 nostram
774 3491 950 3587 experiri,
986 3492 1033 3566 de
1062 3489 1281 3565 instituenda
1316 3486 1471 3564 securius
1507 3490 1648 3570 itineris
1681 3519 1738 3570 ra·

119 3618 249 3704 „tione
283 3613 447 3707 cupimus
476 3610 630 3686 edoceri.
698 3611 942 3691 Quantumuis
974 3610 1073 3719 eqim
1104 3606 1334 3705 amputemus
1371 3608 1656 3706 Wirteobergiae
1699 3617 1739 3694 dt

115 3734 284 3820 „nostrae
310 3732 422 3806 etiam
441 3719 608 3804 'Sueuiae
637 3752 678 3803 ac
706 3728 861 3804 Rhetiae
889 3751 974 3824 ager
1003 3726 1147 3825 copiam
1170 3728 1254 3800 sane
1280 3727 1522 3824 operariorum
1542 3754 1628 3805 uon
1658 3755 1738 3828 par·

115 3878 233 3944 „uam
260 3851 434 3950 requirat,
460 3848 585 3924 malim
610 3862 733 3924 tamen
763 3849 808 3923 de
830 3847 924 3922 meis
948 3846 1059 3947 etjam
1088 3849 1194 3922 rebus
1222 3868 1265 3919 ac
1291 3849 1494 3922 commodis
1517 3848 1653 3946 asiquid
1673 3854 1737 3926 de·

115 3976 305 4062 „trahere,
330 3985 439 4066 quam
475 3980 549 4043 tarn
579 3938 726 4063 piae‘dr
756 3966 937 4063 religiosae
966 3964 1133 4063 petitioni
1169 3964 1292 4060 minus
1321 3963 1541 4054 satisfacere,
1574 3990 1657 4043 meo
1683 3970 1737 4046 io·
1834 3997 1837 4000 ·

116 4093 272 4191 „primis
300 4113 383 4185 erga
407 4089 653 4165 santiiffimum
683 4087 876 4171 Ordinem,
901 4084 1162 4160 issusiriffimurn
1192 4083 1435 4160 Viennensem
1461 4085 1674 4164 Pontificem
1698 4093 1737 4168 dt

117 4209 483 4301 „Reuerendissrmam
507 4207 679 4282 Paternit
701 4205 853 4284 vestram
875 4204 1008 4287 studio,
1045 4205 1135 4277 bene
1159 4201 1322 4277 merendi
1347 4201 1568 4280 occafionem
1587 4230 1736 4286 ornnem

114 4333 236 4419 „vitro
258 4341 454 4426 expetente
477 4329 515 4403 dr
538 4326 779 4427 exambieote.
839 4323 986 4400 Mittam
1005 4322 1106 4420 proin
1127 4322 1220 4396 duos
1244 4331 1365 4396 tresue
1385 4346 1408 4394 e
1431 4321 1511 4397 stou
1532 4323 1570 4400 dr
1595 4329 1736 4421 gremio

115 4475 227 4540 „meo
247 4450 283 4522 in
311 4446 641 4522 Reuerendiffimae
659 4446 699 4521 P.
725 4448 766 4523 V.
797 4428 1005 4541 obsequium
1038 4445 1074 4519 dr
1101 4438 1311 4537 amplexor,
1348 4440 1464 4527 suam,
1497 4465 1568 4540 qua
1596 4450 1734 4532 valent,
1774 4478 1777 4482 ·

116 4593 291 4667 ,operam
315 4591 357 4641 ac
382 4563 590 4641 industriam
613 4563 649 4639 i'n
669 4564 842 4661 hisquae
868 4563 1045 4659 imperata
1074 4560 1210 4635 fuerint
1232 4560 1488 4656 proruptiffime
1513 4564 1733 4659 probaturos

114 4689 469 4796 „Responsumergo
494 4684 662 4783 exspetto
689 4682 729 4760 dt
757 4684 801 4759 R.
827 4683 867 4758 P.
890 4682 935 4756 V.
968 4692 1046 4754 tam
1080 4678 1202 4774 dignis
1234 4686 1339 4753 tauto
1373 4679 1512 4756 honore
1547 4687 1736 4760 conauous

743 4818 752 4834 ·
879 4799 969 4876 Mm
983 4823 1020 4876 ro
1047 4820 1069 4892 3
1402 4862 1410 4887 ,
1630 4800 1737 4891 „suo
