4276 5670
260 385 312 465 ⁸2
865 378 1286 487 Φῡθκὲἓῦῥῶω

248 562 408 655 „preces
439 557 478 639 dc
507 539 723 634 mandatum
757 559 907 657 preditii
930 561 1080 638 Domini
1109 516 1151 640 C
1181 560 1308 656 Sigillo
1331 559 1448 639 nostro
1472 560 1627 664 fecimus
1655 505 1922 661 communiri!

135 776 140 780 ,
181 802 189 814 „
256 677 822 882 ”ggfflffdissffleaffl
852 702 948 758 anno
975 682 1125 762 Domini
1148 681 1206 760 M⁰
1224 679 1319 758 0⁰0.
1338 679 1512 771 uoxvlu
1540 679 1602 758 die
1619 677 1734 760 Lune
1755 681 1890 760 XlllX.

302 1033 477 1158 [Altera
498 983 656 1115 friderici
679 1032 832 1125 scilicet,
857 1033 904 1114 src
928 1037 1051 1116 sonat:

276 1269 305 1285 ⁷
351 1326 373 1362 „
387 1274 541 1370 Vniarrfis
571 1277 720 1373 presuras
746 1273 876 1350 Literna
898 1277 1091 1373 innitaris,
1131 1273 1272 1376 Joonnrs
1305 1277 1457 1357 Baream·
1482 1273 1590 1355 Dnus
1620 1276 1680 1353 de·
1700 1273 1867 1375 blangeio
1872 1322 1887 1368 ‚

259 1393 437 1482 „salutem
471 1398 521 1498 &J
539 1396 689 1497 syncere
716 1393 917 1471 dileilionis
950 1393 1127 1489 offellum.
1179 1395 1385 1480 Noueritis‚
1411 1398 1509 1491 quod
1534 1394 1638 1472 nobis
1661 1397 1889 1492 presentibus
1918 1427 1921 1430 ⁴

259 1513 327 1600 „dc
355 1515 482 1592 multis
509 1515 582 1591 lide
604 1513 741 1609 dignis,
769 1512 873 1590 linus
896 1514 937 1595 F.
966 1515 1050 1592 Dux
1074 1514 1343 1604 rlul'lrielanus
1372 1524 1496 1591 mente
1525 1516 1563 1594 dr
1595 1537 1761 1615 corpore,
1785 1516 1888 1596 suam

255 1631 386 1719 „hunc
414 1633 451 1710 in
479 1637 631 1711 modum
663 1634 742 1731 jure
771 1619 999 1720 testamenti,
1038 1634 1111 1709 liue
1132 1635 1269 1734 scripti,
1306 1633 1363 1711 vel
1387 1633 1631 1711 codicillorum
1657 1635 1902 1716 voluntatem'

50 1745 52 1749 ’
144 1792 148 1796 ·
256 1752 448 1848 „ultimam
475 1752 684 1830 declarauit.
730 1752 898 1849 Inprimis
920 1752 1056 1848 legauit
1078 1754 1173 1845 Duci
1198 1755 1415 1840 Ludewico,
1437 1753 1480 1830 dc
1503 1752 1596 1828 Duci
1620 1752 1668 1830 Η
1699 1757 1737 1833 dc
1758 1760 1906 1836 eomm‘

258 1871 482 1972 „heredibus
505 1883 621 1948 totam
643 1886 796 1959 terram,
830 1896 901 1972 que
932 1875 976 1949 ad
1002 1872 1116 1969 ipsum
1141 1872 1180 1950 in
1201 1874 1345 1951 Austria
1364 1872 1444 1969 jure
1471 1869 1690 1948 hereditario
1716 1874 1887 1971 pertinet.

260 1990 381 2080 „item
408 1992 524 2070 voluit
549 1992 587 2068 δι
613 1989 815 2076 ordinauit,
841 1993 938 2091 quod
964 1990 1024 2086 ipsr
1045 2014 1110 2087 pro
1135 1992 1257 2068 anima
1287 1993 1346 2067 lua
1373 1990 1513 2097 soluant
1533 1993 1675 2067 ratione
1702 1990 1887 2070 heredita·

252 2110 346 2194 ...rie
373 2111 621 2200 comestionis,
658 2109 826 2207 inprimis
854 2111 930 2188 CC.
953 2111 1031 2186 Lib.
1054 2110 1368 2210 Ratisponenfium
1398 2111 1499 2187 Mon.
1532 2111 1686 2186 duarum
1718 2109 1755 2186 in
1788 2111 1887 2190 Lan·

266 2230 431 2314 ,desbilt
499 2231 592 2307 Item
618 2229 835 2308 Monasterio
867 2231 906 2307 S.
938 2229 1136 2307 Catharine
1167 2231 1205 2307 in
1232 2231 1393 2327 Augusta
1421 2230 1463 2306 C.
1485 2227 1587 2308 Libr.
1622 2230 1885 2327 Ratisponeus.

255 2349 380 2438 „Item
404 2349 623 2428 monasterio
646 2352 693 2426 de
718 2349 907 2425 Xaishaim
934 2350 1008 2426 CC.
1031 2351 1111 2428 Lib.
1133 2351 1390 2450 Rarisponens.
1438 2349 1532 2426 Item
1552 2349 1769 2429 Monallcrio
1788 2350 1885 2429 Sau-

256 2469 333 2558 „ui
366 2469 563 2567 Sanguinis
598 2472 645 2546 de
673 2470 911 2565 Winegarten
937 2470 1013 2548 CC.
1040 2471 1118 2549 Lm
1146 2468 1475 2568 Ratispouensrum.
1544 2468 1639 2545 Item
1661 2458 1884 2547 Monallerio

256 2641 276 2678 ,‚
286 2590 323 2664 S.
351 2575 465 2666 llarie
499 2592 545 2666 de
574 2589 736 2665 maudtis
754 2588 806 2691 C.
836 2587 933 2664 Lib.·'
985 2590 1077 2667 Item
1104 2590 1264 2666 Centum
1292 2588 1372 2663 Lib.
1402 2588 1619 2668 Monallerio
1655 2591 1703 2666 de
1737 2590 1892 2668 Mosbe..

79 2753 86 2765 ι
251 2708 375 2799 „ltem
399 2708 625 2786 Monalleriis
659 2709 698 2785 S.
722 2707 883 2798 Nicolai,
920 2708 980 2785 vbi
1013 2710 1181 2807 predistis
1215 2707 1375 2784 Ducibus
1413 2706 1595 2784 videbitur
1628 2709 1800 2809 expedire
1834 2709 1882 2790 C.

251 2827 358 2918 „Lin
402 2828 598 2906 Residuum
640 2851 727 2905 vero
763 2825 863 2904 mille
896 2826 1004 2907 Libre
1030 2831 1176 2913 dentiu.
1232 2840 1273 2906 vt
1312 2826 1368 2903 eis
1399 2824 1531 2905 melius
1564 2827 1746 2907 videbitur
1769 2852 1884 2933 curae·¹

252 3001 273 3038 „
282 2949 371 3026 dire.
444 2948 536 3024 Item
573 2947 659 3048 quia
698 2948 809 3024 iidem
853 2933 979 3025 eorum
1020 2948 1201 3044 cognoscit
1243 2946 1386 3044 rogauit
1425 2969 1491 3024 eos
1535 2970 1601 3046 pro
1638 2949 1762 3026 anima
1805 2948 1882 3029 sua.

250 3065 378 3158 „Item
419 3061 562 3161 rogauit
605 3069 668 3165 qui
727 3066 885 3144 habeant
938 3063 1273 3146 recommendatam
1310 3066 1411 3142 suam
1448 3091 1597 3145 vxorem
1635 3069 1674 3147 δι
1709 3054 1880 3148 sororem.

250 3186 372 3273 „Item
400 3188 590 3284 rpredlilus
625 3184 664 3262 F.
701 3186 837 3282 legauit
875 3187 986 3296 Matri
1025 3187 1086 3263 sue
1120 3190 1158 3267 dr
1187 3184 1311 3264 Sorori
1347 3183 1408 3262 sue
1444 3196 1578 3264 terram
1612 3186 1707 3265 stirie
1744 3198 1786 3265 vt
1816 3191 1909 3269 be·

253 3305 469 3396 „nelaciant
496 3329 560 3403 pro
594 3305 716 3382 anima
738 3307 869 3386 sua&
905 3308 1049 3402 rogauit
1094 3308 1189 3405 quod
1221 3317 1340 3386 mater
1368 3305 1430 3381 lua
1479 3307 1544 3381 det
1577 3330 1641 3404 pro
1669 3306 1793 3384 anima
1818 3308 1881 3386 sua

252 3468 333 3515 „-
358 3426 497 3503 CCCC.
528 3449 670 3502 marcas
700 3425 851 3522 argenti.
897 3425 990 3502 ltem
1012 3429 1110 3525 quod
1136 3427 1264 3504 reddet
1287 3428 1334 3502 de
1352 3420 1568 3526 flabrorclrenr
1582 3435 1685 3503 rrcoerr·
1702 3426 1739 3526 e)
1763 3428 1878 3509 XXV.

254 3569 427 3637 „marcas
449 3547 691 3626 denariorum.
767 3545 860 3621 Item
893 3547 993 3644 quod
1024 3547 1158 3621 dentur
1189 3547 1232 3623 L.
1263 3546 1376 3626 Vncie
1408 3566 1473 3642 pro
1504 3544 1627 3621 anima
1650 3543 1728 3635 sua,
1765 3571 1880 3647 quam

252 3667 385 3755 „dedit
410 3667 445 3740 ei
473 3667 622 3766 quidam
656 3662 857 3753 mercator,
904 3686 1016 3764 quem
1043 3689 1116 3740 non
1147 3666 1338 3762 cognoscit.
1401 3664 1496 3740 ltem
1528 3664 1575 3739 de
1607 3663 1712 3744 diliis
1734 3665 1878 3747 CCCC.

249 3785 414 3876 „marcis
446 3786 597 3884 Argenti
628 3786 763 3862 deutur
793 3785 906 3863 XXX.
944 3808 1066 3864 marce
1094 3784 1314 3864 Monasterio
1345 3785 1383 3862 S.
1409 3783 1523 3860 Marie
1543 3773 1598 3858 ‘de
1626 3783 1793 3875 Bouron,
1837 3790 1879 3868 dr
1895 3772 1922 3839 ·'

251 3961 272 3995 „
282 3905 495 4002 assignantur
514 3905 577 3981 iste
601 3907 713 3984 XXX
739 3929 859 3982 marce
887 3904 1046 3981 Domino
1071 3905 1243 4006 stephano
1267 3903 1434 4000 ejusdem
1458 3902 1660 3980 monasterii
1688 3905 1734 3981 S.
1747 3904 1878 3986 marie.

250 4026 369 4117 „Item
395 4027 440 4101 de
464 4025 605 4101 CCCC.
628 4026 761 4101 marcis
779 4026 911 4101 dentur
931 4025 1043 4101 XXX
1060 4047 1181 4102 marce
1199 4025 1369 4101 fratribus
1396 4023 1595 4101 minoribus
1616 4023 1664 4101 de
1688 4024 1902 4127 Wogispe.·

248 4144 477 4237 „Residuum
513 4135 619 4220 detur
649 4145 709 4223 vbi
738 4144 870 4219 melius
899 4143 1082 4220 videbitur
1111 4145 1283 4242 expedire
1307 4168 1371 4242 pro
1401 4144 1525 4218 anima
1554 4142 1631 4228 sua,
1657 4165 1728 4241 que
1749 4148 1879 4226 omnia

71 4328 77 4339 .
128 4356 131 4360 Δ
250 4269 398 4358 „valere
431 4263 545 4341 voluit
572 4264 652 4358 jure
679 4263 904 4350 testamenti,
937 4264 993 4340 vel
1025 4261 1304 4351 codicillorum,
1339 4274 1402 4338 aut
1430 4261 1623 4357 cujuslibet
1646 4263 1795 4342 alterius
1823 4268 1877 4346 vl·

248 4385 372 4474 „time
396 4382 614 4465 voluntatis,
637 4385 821 4482 perquod
845 4381 992 4480 majoris
1012 4382 1148 4460 roboris
1173 4383 1360 4460 obtineant
1382 4382 1603 4458 firmitatem.
1650 4383 1690 4458 ln
1716 4407 1876 4483 quorum

247 4502 443 4596 „omnium
478 4501 723 4580 testimonium
753 4505 990 4602 presentium,
1034 4503 1073 4581 δι
1093 4503 1308 4580 memoriam
1333 4502 1535 4579 futumrum
1562 4503 1735 4600 presentis
1767 4506 1876 4586 testa·

248 4626 393 4717 „menti
422 4621 590 4725 paginam
628 4625 675 4702 ad
698 4646 825 4724 preces
856 4629 892 4707 dc
919 4627 1135 4705 marmarum
1167 4624 1314 4723 proditu
1336 4622 1488 4704 Domini
1521 4620 1561 4702 F.
1588 4621 1716 4720 Sigillo
1752 4626 1876 4706 nostro
1923 4627 1929 4639 '

1326 4749 1328 4754 ’
1543 4757 1548 4763 ’
1752 4747 1899 4836 „fece

287 4882 321 4966 ⁸)
343 4878 393 4949 bic
413 4879 488 4965 lego.
