4276 5670
405 392 480 482 m
1007 385 1455 503 κακῇς-9991

338 550 341 554 ’
406 560 760 658 Rauenlpnrgenles,
786 558 848 656 qui
872 560 1090 634 dexteritate
1119 561 1179 635 sua
1202 561 1395 658 plurimum
1421 558 1576 649 valuere.
1623 581 1696 650 ona
1719 561 1884 655 'ejusdem
1905 566 2048 642 menhs

407 682 546 777 gratiae
571 674 735 752 solennes
761 679 859 752 attae
885 678 1071 774 praemisso
1098 681 1144 755 ad
1177 680 1390 756 concionem
1423 678 1585 754 sermone
1614 680 1661 754 ad
1692 681 1852 755 incendii
1885 682 2050 762 circum·

409 800 557 876 stantias
582 795 686 872 valde
718 799 923 871 accomodo.
987 799 1313 876 Reuerendilhmus
1330 816 1364 873 'e
1386 796 1562 894 praesenti
1589 797 1747 894 periculo
1782 800 2052 882 Monasterium

409 941 494 995 cum
517 915 656 1012 templo
689 921 879 1012 ereptufus
910 915 985 993 voti
1019 915 1192 1010 religione
1218 919 1252 992 se
1277 916 1487 994 obstrinxit:
1528 917 1627 1015 qun'd
1660 928 1701 994 vt
1730 919 1947 1007 exsolueret,
1984 947 2052 997 ac·

410 1036 579 1134 ceptique
605 1034 769 1111 beneficii
797 1034 834 1111 &
852 1035 1027 1112 memoria
1052 1035 1206 1112 exstaret
1231 1037 1269 1114 &
1292 1047 1593 1124 monumentum,
1624 1037 1854 1136 antipendiam-
1869 1038 1949 1138 (fre
1979 1066 2051 1117 vo·

411 1162 522 1251 cant)
549 1178 597 1228 ex
630 1154 741 1249 probo
774 1175 935 1251 puroque
960 1160 1118 1249 argento
1155 1156 1338 1251 Augustae
1374 1154 1644 1233 vindelicorum
1676 1178 1784 1251 opere
1815 1159 2052 1257 anaglyptico

310 1266 321 1271 ’
394 1272 548 1371 ¹affabre
568 1272 770 1349 consenum
792 1273 849 1349 Ss.
871 1272 1048 1369 sanguini
1071 1278 1268 1351 anathema
1292 1275 1407 1374 posuit
1429 1297 1514 1352 cum
1538 1274 1608 1350 hac
1631 1273 1884 1370 inscriptioner
1956 1374 1958 1379 γ
2021 1348 2024 1353 ,

587 1602 589 1606 ⁴
613 1507 700 1587 nic
727 1508 819 1590 usu
843 1511 1014 1608 Sanguis
1038 1512 1226 1591 tuebatur
1251 1510 1480 1590 999999
1498 1511 1588 1606 igne
1612 1482 1842 1599 devorante.

513 1747 653 1827 Vltima
691 1735 880 1844 regiminis
912 1750 964 1824 fui
996 1772 1107 1841 anno„
1124 1772 1189 1849 pro
1225 1749 1338 1843 domo
1373 1748 1443 1826 Dei
1475 1750 1666 1847 praecipue
1700 1747 1871 1825 sollicitus
1903 1745 2055 1824 Praestri

419 1893 455 1964 3.
472 1868 569 1968 Junii
596 1869 731 1943 sacrum
756 1868 932 1966 Lapidem
959 1870 1005 1942 ad
1033 1870 1209 1966 ternplum
1235 1868 1440 1967 parochiale
1455 1869 1623 1945 Altdorlsr
1649 1892 1671 1943 a
1694 1868 1729 1943 se
1749 1892 1773 1941 e
1796 1867 2049 1943 fundamentis

383 2046 392 2059 .
417 1989 685 2063 aedificandum
711 2009 794 2062 cum
820 1988 1037 2062 ceremoniis
1062 1987 1301 2084 potificalibua
1322 1989 1428 2063 fixit:
1456 1987 1658 2064 sedmorte
1683 1999 1904 2081 praeuentus
1928 1986 1966 2060 id
1981 2006 2044 2060 ue·

417 2105 507 2201 gotii
532 2105 713 2180 succelsori
739 2107 894 2203 reliquit.
944 2107 1040 2182 Nam
1067 2106 1292 2200 Saliaburgo,
1313 2121 1389 2204 quo
1417 2129 1485 2182 ceu
1503 2085 1640 2207 nffijleirs
1662 2103 1915 2207 llniuerfrtatia
1938 2126 1977 2195 9.
1989 2105 2047 2201 Ju-

390 2230 393 2236 ’
418 2224 472 2301 nii
497 2224 674 2322 profettus
700 2224 833 2314 fuerat,
863 2251 892 2300 1.
917 2225 1002 2324 Julii
1026 2226 1158 2312 redux,
1186 2225 1295 2301 variis
1318 2224 1620 2301 concurrentibus.
1641 2223 1778 2303 morbis
1803 2224 2052 2323 consumptus,

320 2340 323 2345 ’
420 2343 546 2421 habita
571 2355 767 2441 antequam
793 2344 952 2441 spiritum
984 2343 1172 2437 exhalaret
1201 2345 1250 2419 ad
1280 2345 1409 2419 horam
1442 2351 1554 2440 vsque'
1575 2338 1732 2440 patema
1753 2343 1802 2418 ad
1833 2344 1917 2426 suos
1951 2366 2055 2419 com·

406 2464 623 2567 ‘monitione
653 2463 779 2540 sedens
796 2465 900 2544 inter
931 2461 1184 2564 discipulorum
1218 2484 1350 2540 manus
1378 2462 1617 2564 placidissime·
1642 2461 1839 2541 obdormiit
1872 2452 1931 2558 ⁵13.
1956 2461 2054 2540 Nou.

422 2603 519 2658 auno
547 2595 651 2685 1738.

798 2818 1752 2981 arac1uusaunzff
1881 2885 1884 2889 ·

986 3068 1208 3146 ABBAS
1251 3069 1491 3148 XXXVIII
1725 3004 1728 3011 Ι

522 3284 641 3362 Natus
667 3283 717 3359 est
739 3283 814 3361 Stet
800 3297 890 3358 tenne
913 3282 958 3356 orl
976 3244 1091 3379 sorum
1108 3285 1296 3381 frigidum,
1336 3308 1408 3359 non
1434 3282 1581 3396 ignobili
1609 3284 1767 3362 Suculae
1799 3276 1933 3384 oppido'
1954 3307 2062 3367 anno

433 3410 538 3497 9999
569 3426 623 3493 99.
649 3403 738 3499 Maii
766 3403 899 3477 sacram
924 3400 1031 3476 Dom
1057 3401 1246 3485 Benedifii
1269 3403 1496 3499 Religionem
1528 3385 1612 3481 heic
1637 3404 1808 3501 professus
1829 3427 1926 3479 anuo
1955 3424 2066 3499 1710

435 3546 469 3616 9.
498 3523 681 3598 Februarii
706 3521 781 3618 poll
817 3519 1027 3594 sexennium
1056 3543 1152 3595 anno
1192 3522 1364 3598 videlicet
1400 3529 1505 3621 1716.
1538 3524 1667 3621 eadem
1698 3518 1796 3612 die,'
1811 3546 1883 3622 qua
1911 3534 2068 3620 patruus

430 3643 511 3741 ejus
537 3642 653 3717 noster
682 3642 721 3713 P.
745 3639 910 3712 Placidus
941 3639 1043 3712 Renz
1068 3639 1271 3737 Jubilaeum
1305 3643 1444 3719 lacrum
1475 3641 1642 3723 Hofenae
1664 3641 1770 3731 fecit,
1807 3642 1881 3741 ipse
1905 3644 2067 3741 primam

335 3801 342 3810 ·
432 3765 480 3840 ad
504 3764 599 3838 Aras
621 3758 774 3835 hostiam
803 3759 965 3833 sacerdos
996 3757 1125 3834 litauit
1515 3778 1518 3784 ’

529 4003 596 4080 Vir
625 4007 703 4074 erat
731 3993 962 4101 coeteroquin
986 3996 1086 4070 omni
1115 3943 1342 4073 scientiarum
1364 4017 1496 4093 genere
1516 3997 1701 4081 excultus,
1723 3994 1898 4075 facundia
1919 3997 2073 4096 linguae

434 4121 644 4223 praeprimis
672 4128 813 4213 potens.
866 4114 998 4188 Docuit
1028 4115 1238 4211 populum
1227 4139 1264 4191 99
1288 4115 1472 4192 cathedra
1494 4117 1589 4193 sacra
1617 4110 1782 4213 egregius
1805 4128 1944 4195 orator.
2016 4121 2074 4197 ln·

351 4308 359 4327 ,.
436 4242 564 4320 struxit
589 4241 824 4338 Juuentutem
850 4232 1092 4310 scholasticam
1117 4233 1256 4309 Rhetor
1284 4234 1451 4311 omnibus
1487 4235 1648 4313 numeris
1680 4234 1873 4311 absolutus.
1944 4239 2073 4317 Primo

437 4363 476 4438 in
505 4359 629 4438 llineis
654 4379 764 4453 per
746 4377 861 4427 annos
884 4377 957 4426 non
982 4375 1136 4449 paucos,
1170 4368 1250 4429 tum
1279 4354 1317 4429 in
1348 4353 1510 4432 Vniuers
1513 4368 1589 4430 tate
1610 4353 1870 4449 Salisburgenfi
1902 4357 2069 4453 publicu

438 4477 684 4575 Philosophiae
715 4475 752 4550 dr
776 4470 994 4565 fheologiae
1029 4467 1274 4557 institutiones
1301 4471 1447 4559 habuit,
1480 4475 1675 4549 accedente
1707 4473 1769 4547 sua
1796 4470 1977 4581 lingulati
2005 4479 2078 4553 elo·-

438 4599 588 4702 quentia
609 4593 808 4671 doftrinam
835 4590 931 4686 quasr
957 4590 1111 4678 infudit,
1137 4591 1247 4667 editis
1270 4592 1381 4668 etiam
1412 4592 1482 4670 suis
1506 4593 1644 4690 scriptia
1677 4592 1804 4667 clarus.
1858 4591 1954 4672 Fuit
1982 4596 2078 4673 inlu·
2118 4605 2124 4617 '

438 4742 504 4821 per
531 4726 662 4867 coetus
682 4711 836 4791 mariani
858 4710 1023 4800 Praefea,
1045 4709 1213 4815 Religiost
1236 4711 1421 4789 coumthu
1435 4712 1602 4809 Regens,
1629 4735 1672 4790 ac
1689 4710 1898 4791 nobilissimi
1922 4716 2079 4792 Parthe-

1858 4918 1864 4928 ,
1966 4835 2079 4913 nonis
