4276 5670
674 363 1094 458 comatae
1432 437 1493 459 ,,
1660 376 1709 493 a

176 541 383 641 memsam
405 540 495 619 ficut
515 543 627 619 decet
650 539 794 637 sambae
823 543 986 641 pascebat
1017 538 1264 623 honestatem,
1303 558 1414 638 quarn
1448 537 1511 616 sub
1543 542 1620 615 tarn
1646 536 1711 612 de·

81 663 181 743 renti
203 661 388 741 continuit
411 664 586 760 disdpboa,
632 671 673 739 vt
694 660 733 738 dr
761 661 1007 738 Seruientium
1029 656 1290 737 conuersationi
1326 661 1365 737 dr
1398 656 1624 733 dominantis
1657 657 1710 734 sa·

81 783 261 882 pientiae,
286 780 440 861 vniuerfi
465 781 779 878 congratulantes,
817 783 856 861 dr
881 803 1005 859 veram
1029 777 1237 858 Salomonis
1257 777 1450 857 laudantes
1478 777 1708 877 sapientiam,

81 902 270 1003 psallerent
301 903 340 978 in
371 901 596 979 exultatione
622 901 736 979 animi
765 901 951 979 dieentes:
996 901 1125 987 Beati,
1150 898 1225 999 ¹qui
1245 897 1414 980 habitant
1442 896 1483 976 in
1508 900 1620 976 domo
1644 907 1710 987 tua

81 1022 260 1123 Domine,
288 1021 329 1098 in
351 1021 469 1118 secula
488 1020 690 1099 laudabunt
716 1033 766 1098 te.
1285 1018 1289 1024 ’

173 1258 318 1360 Insuper
349 1261 387 1340 dr
414 1259 673 1337 Monasteriurn
697 1267 793 1357 gard
811 1259 983 1337 aarum
1009 1282 1096 1336 onere
1122 1257 1328 1337 inuolutum
1357 1259 1395 1337 dr
1425 1255 1623 1357 oppressum
1651 1255 1709 1336 in·

82 1380 200 1470 seuit,
226 1404 250 1457 a
272 1404 345 1480 quo
359 1379 481 1458 etiam
502 1379 575 1456 fine
596 1379 792 1478 periculosa
816 1378 927 1475 hujus
953 1381 1133 1458 Coenobii
1157 1402 1280 1456 rerum
1305 1378 1530 1456 distraffione
1554 1377 1707 1456 minime

18 1586 22 1593 ,
81 1498 295 1579 credebatur
323 1499 455 1578 absolui
491 1497 603 1599 posse,
644 1500 705 1578 led
726 1515 851 1577 tamen
881 1497 1058 1600 &ipsum
1086 1498 1333 1586 coenobium,
1380 1495 1454 1574 line
1489 1497 1710 1578 alienatione

58 1620 323 1723 ,possesionem
359 1619 521 1716 qualibet
552 1621 633 1698 Deo
664 1621 726 1698 libi
761 1631 980 1717 cooperante
1010 1622 1055 1697 ab
1089 1617 1192 1697 omni
1220 1618 1441 1695 creditorum
1461 1617 1637 1716 petitione
1669 1619 1709 1705 dr

81 1739 286 1821 debitonrm
311 1738 408 1817 fasce
432 1739 597 1837 protinus
619 1739 844 1817 exonerauit
904 1731 982 1816 Sed
1002 1740 1089 1839 quia
1112 1763 1186 1817 non
1214 1739 1266 1816 eu
1288 1750 1365 1815 tam
1393 1733 1611 1835 compositae
1630 1738 1709 1815 foe·

80 1858 227 1936 licitatis
253 1860 386 1945 bomo,
411 1858 476 1957 qui
497 1882 571 1935 non
594 1859 716 1959 aliqua
736 1869 906 1956 exparte
926 1861 1140 1939 cumiiatns
1165 1858 1217 1938 sui
1234 1856 1410 1958 qualitate
1430 1856 1589 1942 metus,
1613 1856 1709 1933 mul·
1737 1917 1749 1933 .

81 1979 127 2056 tis
151 2004 189 2056 n.
211 1977 516 2059 nutritodinibos
536 1978 720 2057 humanae
740 1977 949 2059 foelicitatis
975 1981 1131 2062 dulcedo
1156 1977 1208 2059 est
1229 1976 1401 2076 respersa,
1446 1998 1517 2056 nec
1546 1997 1708 2087 unquam

81 2096 116 2177 lu
141 2096 247 2177 omni
269 2111 374 2197 parte
399 2100 507 2178 beata
531 2099 719 2199 repetitu.

168 2337 449 2438 Prosperitatem
475 2335 587 2436 igitru
608 2340 704 2417 tanti
731 2363 774 2417 ac
801 2341 885 2421 talis
913 2340 1032 2419 Patris
1054 2338 1267 2428 reuerendi,
1292 2340 1498 2420 turbulenta
1527 2347 1705 2420 tenariam

80 2464 239 2561 muer
268 2469 351 2536 orta
376 2459 416 2535 in
437 2456 560 2555 liugn
581 2461 738 2538 duonum
763 2460 931 2566 dustram
963 2463 1167 2561 limitas.
1214 2463 1385 2544 videlicet
1404 2463 1561 2541 Ferme
1584 2456 1708 2558 gbsiui

83 2584 182 2658 Deru
201 2574 367 2685 AEflrsae,
392 2577 432 2657 dr
450 2579 614 2657 udaia
635 2581 777 2676 pneris
801 2583 905 2658 una
921 2585 1097 2673 amaa,
1122 2580 1226 2660 simul
1247 2582 1288 2659 in
1309 2583 1497 2659 Romanos
1510 2583 1630 2679 Reges
1655 2604 1704 2657 es

54 2698 252 2781 diseoedis
274 2698 503 2797 Principum,
548 2699 762 2789 eletiorum,
800 2726 950 2779 omnem
981 2714 1114 2780 terram
1145 2703 1333 2780 erumnose
1358 2701 1581 2779 miseriarum
1614 2723 1702 2803 qua·

77 2822 172 2900 tiesas
196 2818 372 2920 praedis,
388 2880 394 2885 .
412 2820 452 2898 dr
471 2840 537 2918 per
564 2819 674 2915 longa
699 2822 874 2918 temporis
908 2820 1020 2919 spatia
1047 2825 1200 2909 durans,
1245 2819 1461 2898 infinitis&
1485 2821 1703 2919 praeualidis

76 2943 203 3023 itiibus
226 2938 459 3041 perturbabit
534 2939 623 3014 Erat
649 2939 750 3016 enirn
782 2939 975 3036 cujuslibet
998 2938 1191 3018 hominum
1223 2939 1446 3019 conditionis
1471 2939 1602 3027 status,
1641 2962 1703 3017 ea-

33 3146 40 3155 ,
75 3082 160 3141 sens
187 3056 365 3161 praefidio
390 3056 631 3157 superiorum,
656 3058 694 3136 dr
717 3058 900 3136 Ciuitates
928 3060 1044 3138 etiam
1072 3059 1233 3151 validae,
1256 3084 1358 3151 rura,
1389 3060 1515 3148 villae,
1540 3064 1577 3141 dr
1601 3059 1704 3161 oppi-

75 3182 122 3261 do
141 3204 229 3261 cnm
255 3176 467 3257 bominibus
495 3177 533 3275 in
565 3175 648 3276 ipsis
674 3179 909 3274 degentibus,
946 3182 985 3258 dr
1011 3183 1110 3279 quod
1132 3181 1332 3259 miserabile
1357 3182 1409 3258 eli
1438 3180 1559 3271 duo,
1593 3180 1704 3259 Clau·
1866 3204 1869 3209 ·

73 3302 226 3381 moron
247 3298 435 3390 coenobia
462 3296 608 3397 penitus
637 3297 840 3386 indefensa,
866 3303 904 3378 dr
933 3300 1114 3396 impietati
1142 3299 1278 3395 objetta
1304 3301 1548 3402 praedonum,
1571 3298 1701 3391 feroci,

74 3436 186 3525 atque
213 3420 350 3497 liberae
370 3419 578 3519 rapacitatis
599 3419 756 3518 ipsorum
778 3419 935 3495 obnoxia
958 3419 1142 3518 potestati,
1166 3419 1305 3507 taliter,
1328 3430 1369 3498 st
1383 3416 1560 3516 agricolae
1583 3423 1622 3500 dr
1642 3444 1703 3500 ru·
1834 3512 1837 3521 ¹

73 3543 170 3622 sales
197 3538 295 3638 agris
317 3539 388 3619 suis
415 3537 547 3616 relitiis
575 3538 614 3616 dc
643 3539 765 3615 amdla
795 3538 969 3616 facultate
992 3539 1038 3615 ab
1069 3539 1223 3635 ipsorum
1245 3538 1381 3615 laribus
1410 3537 1502 3614 nudi
1528 3541 1702 3617 receden-

66 3665 151 3751 ω,
174 3658 402 3739 lamentabili
422 3656 561 3756 ejulatu
582 3656 834 3735 mendicitatis
853 3671 1068 3755 cogerentur
1082 3657 1264 3737 lucturere
1281 3668 1543 3758 paupertatem.
1593 3659 1702 3737 Vnde
1895 3657 1903 3667 '

74 3786 118 3871 tr,
138 3782 275 3863 rasum
302 3779 373 3868 est,
411 3780 509 3879 quod
533 3780 693 3870 reditus,
729 3792 929 3879 prouentus
958 3781 997 3858 dr
1022 3778 1264 3855 obuentiones
1294 3776 1381 3855 huic
1408 3779 1625 3856 Monalierio
1652 3783 1700 3858 de

74 3902 145 3979 suis
161 3899 273 3999 agris
304 3899 345 3979 dr
370 3898 640 3977 Pollellionibos
664 3899 859 3998 plurimum
883 3898 1097 3988 deuallatis,
1133 3899 1295 3988 debitae,
1332 3895 1493 3974 totaliter
1517 3897 1699 3976 subtrahe·

74 4020 222 4113 honr,
245 4019 304 4101 rel
333 4018 371 4098 in
396 4031 500 4119 parte
526 4019 682 4098 minima
707 4030 876 4119 poterant
898 4016 1042 4099 exsolui

164 4264 216 4343 Et
237 4284 324 4339 cnm
345 4258 556 4338 insanabilis
577 4260 797 4359 armigerum
823 4258 963 4338 exatiio
985 4257 1098 4336 veluti
1126 4257 1293 4359 luporum
1323 4258 1443 4339 subies
1469 4258 1635 4338 famelica
1660 4255 1700 4338 dr

74 4380 250 4484 posunda
278 4381 418 4463 ventris
445 4380 607 4478 inglunie
629 4381 830 4465 concitata,
856 4377 1047 4477 populum,
1073 4389 1248 4475 tanquam
1272 4379 1398 4456 ouium
1411 4402 1567 4484 ‘gregem
1594 4382 1699 4456 orba·

75 4512 153 4583 tum
175 4502 331 4603 pallore,
346 4500 464 4579 'omni
486 4501 620 4580 timore
633 4500 813 4579 vinditiae
840 4501 878 4578 dr
906 4497 1054 4574 talionis
1075 4501 1262 4601 postergaro,
1302 4498 1474 4579 dentibus
1501 4498 1697 4598 prophanis

76 4623 241 4726 midique
263 4623 438 4712 laniaret,
471 4634 551 4700 tam
581 4621 798 4719 magnificus
824 4621 933 4696 Pater
961 4642 983 4694 a
1013 4619 1202 4698 Virtutum
1230 4619 1378 4696 tramite
1411 4644 1485 4697 non
1511 4620 1699 4699 declinans

65 4744 194 4823 -isutae
221 4742 453 4825 aduerdtatia
482 4740 613 4844 hyemi
633 4741 878 4843 impetuosae,
924 4738 963 4817 dt
981 4738 1022 4816 in
1042 4741 1195 4819 modum
1219 4739 1393 4823 torrentis
1425 4741 1697 4847 properantium

880 4861 972 4961 ua
1522 4861 1700 4942 molestia
1837 4839 1882 4907 -'
