4276 5670
260 406 267 422 ·
398 388 471 469 m
981 365 1425 465 *noscamur
1697 461 1703 476 ,

396 543 649 644 odoranno
682 541 826 641 quinto,
881 540 952 621 sub·
974 516 1115 622 nostrae
1143 547 1323 624 Abbatiae
1349 544 1476 642 sigillo
1510 549 1558 624 nb
1587 549 1719 627 effrem
1743 552 1855 628 robur
1879 552 1933 626 ‘ac
1953 547 2031 628 eui·

397 666 495 746 dens
519 663 768 766 testimonium
791 662 1037 760 praesentitur
1060 666 1251 772 conjuntio
1276 665 1317 743 dr
1335 665 1490 764 adpensa
1512 677 1584 745 etc.
1664 726 1678 740 ..

493 858 637 934 Interea
663 854 806 954 Templi
838 853 973 932 fabrica
1006 855 1231 954 pedetentim
1265 880 1312 932 ex
1342 850 1445 935 ruina
1471 857 1507 933 ιιι
1528 856 1644 937 altum
1664 840 1891 981 exssrrgebat',
1914 879 2029 956 quum

399 991 523 1056 tamen
553 974 751 1061 aerarium,
793 985 1001 1072 temporum
1029 972 1335 1075 hominumque
1323 972 1456 1072 injuria
1490 977 1537 1055 ad
1568 975 1723 1054 fundum
1753 1000 1866 1085 usque
1900 999 2031 1053 emun-

399 1072 496 1178 itum
525 1093 627 1176 eliet,
653 1094 763 1181 adeo,
795 1105 835 1172 vt
859 1093 1020 1190 optimus
1041 1092 1186 1180 Abbas,
1212 1095 1309 1191 quod
1333 1086 1536 1171 aedificare
1544 1109 1729 1205 coeperat,
1754 1096 1817 1173 vix
1840 1088 2029 1171 consuma-

398 1240 440 1293 re
466 1211 652 1315 potuisset,
693 1211 757 1286 nisi
785 1210 915 1287 Daniel
949 1210 1160 1288 Bellinenlis
1183 1210 1380 1310 Episcopus
1407 1214 1444 1291 dr
1471 1206 1725 1309 Suffraganeua
1749 1210 2031 1288 constantiensis
2124 1291 2134 1299 ,

397 1334 561 1412 Domum
586 1329 662 1404 Dei
678 1330 883 1418 miseratus,
915 1330 1097 1419 omnibus,
1131 1333 1193 1430 qui
1221 1330 1393 1431 propitias
1421 1333 1468 1407 ad
1478 1356 1582 1527 Ἕω
1611 1330 1870 1427 perficiendum
1894 1354 2029 1409 manua

397 1453 637 1575 porrigerent,
675 1450 888 1527 audioritate
919 1448 1101 1526 ordinaria
1142 1450 1303 1530 Ottonia
1324 1449 1487 1549 Episcopi
1558 1449 1762 1546 dulgentias
1791 1475 1887 1527 anuo
1921 1463 2027 1549 1487

399 1558 625 1650 concelsrtl’et.
677 1566 780 1652 Quae
798 1568 948 1666 quidem
971 1566 1219 1665 Indulgentiae
1241 1569 1430 1649 saccellum
1458 1569 1551 1649 adeo
1573 1565 1722 1647 felicem
1736 1568 2028 1671 ιιιιιιιιειιιιιιηιι

397 1688 516 1769 hoc
498 1713 577 1781 Jum
602 1674 698 1762 anno
726 1687 934 1787 Templum,
975 1687 1143 1787 Capellae
1171 1690 1209 1767 dr
1234 1688 1373 1764 Altaria
1396 1691 1441 1765 ab
1473 1691 1604 1773 eodem
1632 1688 1805 1786 Episcopo
1831 1685 2026 1766 Vollinenli

397 1807 592 1893 consecrari
615 1805 777 1883 maximo
804 1802 1005 1883 nostrorum
1036 1809 1074 1886 dr
1101 1784 1355 1885 extraneorum
1382 1806 1516 1903 gaudio
1540 1808 1578 1887 dc
1604 1805 1729 1883 solatio
1753 1808 1946 1906 potuerint.

401 2052 404 2057 -
486 2002 597 2077 Licet
618 1999 728 2097 igitur
754 1997 1012 2077 Monalserium
1038 1998 1154 2075 tantia
1178 1996 1337 2097 undique
1369 2009 1593 2098 premeretur
1613 1996 1819 2097 Angustus,
1856 1999 2024 2105 nondum

390 2135 519 2202 tumen
548 2120 707 2219 loannes
734 2118 1028 2229 Sonnenbergins
1062 2117 1278 2194 Prouinciae
1318 2116 1523 2197 Praeieiius
1560 2114 1670 2196 illatis
1703 2119 1840 2217 Abbati
1879 2118 2023 2216 injuriis

392 2242 492 2320 satur
518 2250 614 2323 erat,
661 2240 754 2315 adeo
775 2249 815 2315 vt
843 2236 1048 2314 Fridericun
1075 2234 1293 2337 linper'ator
1307 2236 1365 2311 ιιι
1400 2235 1608 2336 iniquitate
1618 2239 1762 2317 coatras
1794 2236 1892 2314 datia
1923 2260 2023 2312 anno

391 2374 504 2460 1489.
531 2356 680 2433 Litteris
708 2356 984 2454 Sonnenbergio
1007 2348 1132 2433 seuere
1154 2350 1404 2447 interdiceret,
1443 2377 1491 2430 ne
1518 2355 1725 2433 Monasterii
1748 2357 1906 2434 subditos
1935 2355 2022 2434 ullis

391 2479 640 2579 inposterum
667 2474 837 2550 oneribus
871 2497 1033 2571 premere
1061 2477 1233 2560 auderet,
1281 2476 1319 2551 dr
1353 2473 1489 2550 Abbati
1526 2474 1639 2606 striste
1679 2477 1919 2575 praeciperet,
1979 2487 2023 2555 vt

394 2621 465 2677 nec
491 2600 617 2677 senec
641 2594 722 2668 suos
745 2606 821 2670 tarn
849 2594 999 2690 indigne
1022 2594 1165 2690 grauari
1186 2591 1356 2757 deinceps
1374 2596 1611 2691 pateretur(

409 2810 600 2889 ·Anno
631 2829 734 2908 1400.
759 2807 836 2906 pust
856 2816 914 2883 tot
934 2808 1141 2885 exantlato:
1165 2742 1318 2884 labores
1335 2811 1376 2888 dt
1398 2809 1594 2886 aerumnas
1614 2812 1660 2887 dc
1676 2807 1738 2884 irbi
1764 2806 1804 2887 dt
1832 2750 2021 2887 contaul·
2085 2871 2090 2881 .

390 2878 463 3013 bus
480 2930 551 3009 sula
576 2929 800 3007 consulturus
824 2928 1025 3026 praecepit,
1056 2939 1098 3005 vt
1117 2927 1261 3023 fingulis
1282 2929 1392 3004 ιιιιιιι
1407 2929 1495 3023 feria
1513 2933 1552 3006 V.
1572 2941 1645 3005 ortt
1660 2932 1790 3005 Patmos
1813 2933 1895 3008 dier
1911 2929 2020 3007 anni

393 3049 566 3134 versariua
601 3070 666 3146 pro
699 3046 903 3124 Abbatibus
943 3050 981 3124 dr
1010 3046 1204 3122 Monachis
1226 3046 1356 3123 nostris
1381 3048 1636 3139 celebraretur,
1671 3046 1725 3131 [dr
1754 3042 1926 3148 quoniam
1956 3049 2018 3124 hia

233 3254 236 3263 ,
392 3170 584 3272 praecipue
614 3166 834 3264 temporibus
860 3165 899 3241 in
929 3164 1078 3254 ‚diuerfis
1113 3165 1282 3264 Europae
1316 3168 1477 3263 partibus
1507 3171 1690 3245 Pernicies
1723 3171 1786 3246 νιιι
1817 3193 1891 3244 ιιοιι
1917 3192 2018 3246 com·

386 3289 516 3370 munia
553 3285 786 3381 rreunetm,
837 3283 1174 3361 confraternitatem
1189 3289 1202 3354 '.
1215 3284 1481 3362 S.:Sebaliiani
1511 3288 1645 3371 erexit,
1679 3280 1801 3388 -q'uarn
1853 3282 2018 3389 sequenti

392 3432 491 3487 anno
511 3403 749 3482 innocentius
771 3403 869 3500 Papa
888 3403 978 3480 Vnt
1004 3403 1041 3480 dc
1065 3402 1153 3478 otto
1178 3402 1373 3501 Episcopmi
1390 3399 1672 3483 constantiense
1694 3409 1764 3485 mis
1789 3408 2016 3484 Bullia‘con·

356 3577 360 3583 -
392 3528 609 3606 firmarunt..
669 3519 912 3598 Adseruamua
944 3520 1131 3599 innostra
1160 3522 1391 3597 Bibliotheca
1426 3520 1562 3600 blissal'e
1594 3527 1630 3605 ιιι
1655 3526 1726 3602 sol.
1743 3550 1746 3555 ·
1763 3526 1948 3611 sub-'Litt
1974 3524 2011 3603 Ρ.

390 3670 430 3724 ιι.
455 3671 486 3722 ι.
518 3643 589 3717 hac
612 3638 686 3736 ipsa
709 3649 831 3715 aetate
856 3637 1051 3716 annolini
1078 3640 1129 3714 Μ.
1148 3639 1289 3716 CCCC.-
1312 3640 1514 3717 LXXXllll.
1545 3664 1607 3742 per
1640 3646 1846 3742 Johannem
1874 3646 2013 3723 matter

389 3766 440 3843 de
461 3760 688 3859 eampidona
717 3757 756 3834 ιιι
788 3758 999 3835 membrana
1025 3756 1212 3856 scriptum,
1259 3759 1295 3832 in
1317 3780 1390 3856 quo
1415 3762 1462 3837 ad
1491 3763 1601 3840 linem
1623 3763 1811 3858 mirsam-da
1835 3766 2013 3850 Pestilentia

387 3886 522 3962 odanda
549 3879 719 3962 habetur,
759 3880 874 3975 quod,
905 3898 1031 3975 *quum
1054 3875 1095 3953 in
1123 3877 1310 3954 nonnullis
1331 3877 1376 3952 ab
1407 3903 1471 3967 eo,
1508 3884 1606 3980 quod
1630 3883 1667 3958 in
1690 3883 1816 3959 Millali
1842 3885 2012 3961 Romano

390 4000 598 4083 nouiliimo,
640 3996 824 4072 Editionir
848 3995 1143 4093 campidonense
1170 4018 1267 4071 annu
1298 4006 1398 4096 ¹⁶97·
1419 4018 1499 4095 pag.
1516 4000 1631 4076 ant
1660 4002 1720 4078 sub
1745 4003 1873 4079 titulo:
1905 4008 2011 4079 aad·

390 4126 486 4198 rnndr
508 4119 709 4193 Μοιιιιιιιιιιι
731 4119 776 4203 6⁹
799 4127 929 4212 tmpore
946 4117 1129 4216 pestilentior
1151 4115 1352 4200 inuenitur,
1386 4118 1579 4217 discrepat,
1612 4121 1846 4220 discrepantia
1870 4124 1916 4198 ad
1935 4122 2012 4221 ple·

389 4240 532 4318 niorem
558 4234 740 4331 Liturgiae
770 4236 941 4331 antiquae
965 4231 1135 4309 notitiam
1155 4233 1239 4311 heic
1251 4235 1384 4312 referre
1409 4237 1517 4315 volui.
1583 4240 1755 4330 introitur,
1780 4251 1896 4329 omo,
1929 4245 2012 4340 Ept-

387 4365 478 4460 stola,
505 4359 708 4448 anrrgelr'm
738 4350 930 4450 plunnium
953 4351 1035 4426 suot
1057 4351 1197 4448 prorsus
1224 4355 1353 4432 eadem
1379 4378 1463 4433 cum
1491 4357 1641 4443 nostrisr
1678 4350 1836 4460 sed'poli
1865 4360 2010 4439 offerto·

389 4479 484 4555 rium
516 4473 674 4551 Robrica
703 4472 843 4568 adjetia
867 4468 914 4543 fic
940 4469 1131 4568 praecipit:
1164 4473 1243 4547 stem
1265 4476 1335 4568 jam
1348 4475 1492 4573 sacrdos
1515 4480 1598 4553 dicat
1613 4480 1785 4579 subscripta
1797 4482 1894 4579 super
1911 4500 2008 4579 popu·

389 4604 451 4674 lna
469 4597 565 4694 flexis
587 4592 713 4686 godwi
738 4591 781 4677 δ’
803 4589 912 4684 faciat
931 4588 1073 4686 papatem
1096 4600 1183 4667 arm
1205 4592 1251 4677 θ
1264 4584 1353 4686 'urat
1373 4584 1451 4669 illud
1471 4602 1548 4692 pred
1570 4587 1721 4696 sequitur.
1784 4598 1829 4675 al.
1853 4600 1889 4677 A
1914 4599 2007 4679 sacia

389 4715 520 4792 furoris
550 4711 605 4804 tui
633 4711 734 4795 Deru
761 4707 972 4786 conturbata
999 4707 1051 4786 eli
1071 4709 1192 4785 omnia
1213 4722 1318 4789 terra
1346 4712 1446 4791 aed
1467 4726 1509 4792 tu
1529 4716 1692 4796 Domine
1712 4708 1878 4798 miserere
1898 4721 2007 4797 nobit

1957 4865 2005 4920 ne
