4276 5670
150 397 344 478 asro
572 405 576 433 ·
858 384 1315 480 *noema

298 585 368 640 nos
390 561 428 641 da
449 559 552 658 ipso's
574 557 705 636 firmrll'
708 583 767 636 me
785 563 886 637 omni
909 576 1071 661 tempore
1098 564 1236 640 debeat
1253 578 1484 662 permanere,
1509 573 1576 638 rara
1595 557 1808 662 temporalibus
1826 560 1918 663 grain
1971 571 1975 585 ι

231 684 505 815 spiriradibus
534 681 763 765 contradis&
791 683 932 776 obsequiis
958 683 1131 781 decenter
1155 693 1295 758 ornata.
1366 683 1448 768 Qua
1468 678 1578 781 spons
1581 701 1651 759 one
1675 706 1739 781 per
1765 684 1918 779 nuntios

231 780 468 905 percepta
493 820 579 874 cum
600 799 721 874 multa
747 799 965 876 humilitatis
996 827 1040 876 ac
1062 802 1270 879 deuotionis
1295 800 1499 879 reuerentia
1515 801 1573 876 de
1595 800 1735 879 eisdem
1755 802 1919 905 reliqniis

107 957 111 961 ·
260 988 272 1029 Ι
296 930 437 1022 partem
463 941 538 992 non
567 917 749 994 modicam
780 932 992 1004 enecantes,
1033 944 1116 998 eam
1145 922 1251 998 nobis
1277 921 1378 997 omni
1401 942 1552 997 munere
1577 905 1770 1014 gratiorem
1797 932 1917 998 trans·

295 1032 508 1119 miserunt:
536 1035 689 1110 euidens
719 1038 784 1135 per
817 1038 889 1117 boc
920 1040 1028 1117 uobis
1061 1039 1261 1139 nostrisque
1303 1039 1551 1117 successoribus
1588 1040 1794 1187 amicabilis
1828 1039 1917 1118 fidei
1980 1126 1984 1133 ,

294 1161 435 1259 sgnum
460 1155 684 1233 exhibentes.

389 1395 500 1493 Igitur
534 1352 597 1492 qui
632 1393 722 1472 miffi
761 1393 905 1471 fuerant
934 1418 1019 1473 cum
1057 1396 1186 1475 reuersi
1227 1397 1443 1478 monasterio
1479 1399 1783 1497 propinquarent,
1797 1343 1917 1478 ιιι·
1936 1466 1946 1489 ,

293 1517 387 1595 tium
409 1515 472 1614 qui
495 1513 592 1611 gesta
616 1525 775 1603 narraret
797 1515 1041 1611 premiseruut
1092 1516 1312 1616 sanamque
1334 1519 1385 1595 est
1408 1529 1449 1595 vt
1469 1529 1536 1592 tarn
1556 1543 1577 1593 a
1597 1526 1675 1594 dero
1695 1543 1785 1616 quan
1806 1527 1916 1618 papate

256 1636 263 1643 ’
294 1660 381 1715 cum
411 1644 531 1711 tanto
544 1632 677 1727 gaudio
713 1632 751 1709 δι
780 1633 938 1710 fauore
924 1656 963 1710 ιιι
989 1658 1080 1713 voce
1106 1636 1330 1730 jubilationis
1360 1637 1537 1717 &laudis
1571 1635 1643 1713 boc
1668 1638 1919 1719 sandiffimum

293 1778 429 1839 munus
455 1752 698 1849 exciperetur,
723 1764 899 1853 tanquam
925 1755 1068 1835 visibilis
1092 1761 1139 1881 ad
1162 1779 1231 1836 nos
1252 1758 1291 1887 dc
1315 1757 1461 1857 viuisica
1481 1757 1589 1854 ipsrus
1611 1758 1683 1834 Dei
1702 1758 1919 1838 Benedillio

291 1876 425 1957 celitus
445 1869 745 1949 descendisset.

386 2043 513 2210 ltaque
535 2070 716 2189 Dominus
745 2112 867 2189 Abbas
887 2034 1053 2206 defiderii
1066 2110 1124 2191 i'ui
1147 2127 1272 2212 optato
1298 2104 1436 2200 euentu
1459 2122 1608 2215 compos
1631 2106 1795 2202 eneam,
1831 2116 1920 2191 δεδι·

145 2262 158 2281 -
293 2241 423 2330 rosbais
447 2232 635 2329 negotium
660 2233 861 2336 accelerare
882 2234 1067 2332 cupiebat,
1091 2241 1188 2333 quod
1206 2238 1293 2314 licet
1310 2237 1333 2310 s
1324 2259 1384 2311 ne
1409 2238 1552 2331 magnis
1578 2234 1742 2336 expensis
1754 2233 1799 2310 δι
1822 2232 1919 2328 sum·

204 2363 207 2367 ’
292 2356 418 2454 ptuoso
447 2365 619 2450 apparatu
641 2329 804 2488 expediri
830 2374 905 2429 non
929 2354 1052 2451 posset.
1107 2356 1177 2431 Dei
1199 2367 1322 2434 tamen
1349 2366 1565 2468 cooperante
1589 2355 1704 2451 gatis
1728 2376 1799 2452 que
1826 2350 1918 2430 fide·
1968 2436 1979 2446 ,

292 2469 387 2551 libus
411 2468 492 2570 ejus
515 2471 663 2565 fauebat
694 2450 809 2556 votis,
832 2473 886 2548 ita
913 2473 1001 2568 infra
1025 2498 1118 2549 onam
1137 2478 1329 2550 ebdomadam
1357 2469 1480 2552 ornnia
1503 2487 1627 2571 parata
1654 2477 1733 2549 sunt
1757 2475 1794 2552 dr
1815 2483 1920 2572 apta·

292 2603 333 2671 ιιι
356 2606 398 2672 vt
421 2590 515 2668 nihil
539 2590 672 2667 deesset
698 2594 797 2689 quod
825 2594 871 2669 ad
894 2604 997 2669 tante
1022 2592 1272 2669 sollemnitatis
1305 2597 1344 2674 dr
1369 2593 1508 2670 cultum
1533 2598 1571 2673 dr
1602 2593 1795 2691 impendia
1808 2592 1919 2692 perti·

271 2688 435 2795 '.nerent
504 2709 679 2802 solidata
711 2719 811 2787 sirim
824 2714 937 2814 fssaan
962 2717 1054 2790 Beati
1082 2734 1246 2788 ιιιιιτιιιι
1271 2715 1319 2788 ad
1340 2715 1436 2808 quod
1469 2714 1691 2789 incredibilis
1718 2713 1915 2791 hominum
1969 2798 1974 2824 ι

292 2825 489 2937 multitudo
515 2828 708 2913 confluxit,
728 2842 866 2935 preter
886 2831 1027 2940 Aborras
1048 2833 1209 2928 aliosque
1233 2840 1367 2929 pretores
1390 2832 1451 2932 qui
1473 2833 1669 2931 specialiter
1692 2831 1869 2908 fueraut
1858 2854 1919 2907 ιι·

292 2930 417 3038 vitati,
444 2944 563 3049 plures
587 2930 814 3026 tamenssbec
833 2957 1001 3053 precipue
1035 2953 1139 3028 causa
1162 2962 1376 3036 attraxerat,
1402 2951 1489 3050 quia
1507 2952 1697 3032 audierant
1715 2950 1918 3028 dedicatio·
1967 3038 1979 3047 .

291 3072 438 3150 nemin
463 3067 628 3168 protrimo
655 3069 926 3162 celebrandam,
955 3074 993 3152 da
1015 3081 1147 3149 rnoxirm
1168 3058 1280 3147 adficta
1305 3079 1384 3146 olore
1407 3076 1570 3167 opinionis,
1596 3071 1660 3168 qui
1683 3082 1828 3147 tantum
1850 3072 1919 3147 de·

293 3191 454 3272 votionis
483 3189 522 3269 dc
546 3188 704 3287 obsequii
727 3190 831 3266 causa
861 3180 1123 3276 conuenerant,
1158 3190 1287 3289 quibus
1311 3190 1480 3267 omuibus
1513 3214 1535 3264 a
1556 3192 1705 3282 ministris
1724 3258 1727 3262 .
1744 3182 1918 3285 monosterii

294 3316 335 3389 ad
360 3309 413 3388 bor
438 3315 590 3409 deputatis
618 3302 777 3408 maffrria
798 3306 956 3407 bonrrfflce
976 3315 1190 3411 probabantur.
1240 3310 1352 3407 Igitur
1369 3318 1508 3408 proximo
1528 3311 1702 3411 pojlj'eflam
1723 3313 1771 3385 die
1794 3312 1918 3384 dedico·

294 3431 330 3508 ia
358 3434 397 3534 ιβ
430 3442 496 3506 tam
522 3436 704 3529 principalis
733 3431 849 3525 ecclesio
878 3442 968 3528 qaum
998 3437 1118 3529 Capella
1154 3454 1181 3507 s.
1206 3451 1406 3505 urcitanus
1438 3431 1480 3516 δ’
1509 3435 1607 3504 altare
1634 3428 1846 3522 &Gregorii
1877 3426 1918 3505 dr

290 3569 369 3653 pars
394 3557 589 3647 reliquiarum
617 3550 724 3625 Beati
758 3574 925 3629 ιιιιιιιιι
950 3576 1022 3652 que
1048 3574 1164 3650 nuper
1193 3551 1315 3627 delata
1337 3548 1475 3636 suerat,
1508 3570 1594 3624 curn
1621 3552 1852 3643 aliisxreb'quir'r
1877 3545 1918 3623 in
1956 3580 1969 3594 ‘

197 3772 201 3778 ι
295 3670 423 3768 majori
443 3670 561 3752 Altari
580 3671 630 3745 ell
650 3668 810 3767 repofita.
875 3671 1055 3748 Dominus
1081 3694 1167 3748 vero
1193 3671 1318 3748 libbas
1342 3673 1440 3768 Caput
1462 3693 1500 3744 ex
1530 3691 1606 3742 auro
1625 3670 1668 3754 θ’
1692 3678 1817 3760 argento
1847 3665 1920 3758 ded

244 3831 253 3852 =
292 3794 441 3890 jubens,
483 3803 624 3890 partem
651 3813 721 3887 que
743 3790 897 3868 restabat
925 3791 964 3866 in
993 3815 1039 3867 eo
1066 3789 1256 3866 collocauit
1284 3792 1323 3867 dr
1352 3786 1427 3884 jam
1453 3787 1493 3862 in
1521 3787 1592 3863 hoc
1615 3787 1707 3864 fatto
1730 3785 1841 3862 sidem
1873 3802 1919 3860 ac

277 3913 530 4001 ‘'deuotionem
553 3933 663 4008 quam
688 3912 793 3987 beato
826 3909 986 3987 nantino
1009 3909 1141 3988 solebat
1166 3911 1337 3986 exhibere
1361 3907 1609 3989 demonstrans
1631 3909 1682 4003 l).

391 4147 572 4226 Finnauit
593 4147 669 4245 post
690 4147 760 4223 bec
782 4172 850 4224 cam
875 4158 1024 4226 commus·
1044 4151 1178 4250 rmsenfia
1204 4157 1300 4226 tortas
1322 4153 1448 4245 ropitud
1470 4147 1547 4242 quod
1571 4141 1777 4240 Adgimscdra
1797 4150 1920 4240 moni·

188 4272 401 4381 serat,
416 4293 460 4346 ac
481 4271 629 4346 demum
661 4265 694 4341 se
721 4269 766 4342 ad
797 4269 866 4343 alia
896 4270 1100 4347 monasterii
1134 4291 1244 4366 opera
1265 4267 1469 4367 peragenda
1494 4264 1692 4349 conuertit,
1722 4264 1919 4339 immensas
1982 4353 1984 4357 ¹

298 4390 448 4467 domino
474 4388 593 4464 nostro
617 4387 697 4487 jesu
720 4388 806 4463 Xl’o
828 4390 962 4484 gratias
985 4413 1097 4486 agens
1119 4412 1185 4487 pro
1206 4389 1379 4477 omnibus
1403 4383 1589 4467 beneficiis
1614 4384 1725 4482 ejoss
1722 4381 1842 4461 eui
1866 4380 1921 4460 est

292 4510 415 4640 honor
438 4507 644 4605 &gloria
633 4528 672 4586 ιι
693 4507 808 4588 secula
832 4508 1040 4588 feodorum.
1089 4508 1224 4591 Arnen.

1803 4736 1924 4825 nano-

338 4883 373 4967 *)
393 4881 444 4948 Da
461 4897 517 4965 quo
537 4877 627 4963 infra.
