4276 5670
886 361 1347 535 effigias
1676 460 1684 471 .
1845 411 1918 494 aas

267 622 269 625 ·
301 590 304 595 ’
368 564 435 658 ³n't
465 575 641 681 quoniam
671 576 872 654 Difficultas
893 578 1016 668 isorian
1052 578 1197 655 subierit
1229 577 1268 653 in
1297 576 1527 655 inueniendis
1553 578 1695 654 duobus
1723 573 1918 653 Monachis

243 740 256 767 ι
287 704 391 799 supra
421 701 556 800 scriptis
582 698 814 798 qualitatibus
838 699 995 786 ornatis,
1023 693 1178 798 'antiqua
1208 698 1433 794 praesertim,
1481 703 1520 778 ἀ
1544 701 1685 797 iigenun
1710 694 1917 783 Nobilitate,
2020 695 2032 703 ’

289 844 401 920 quam
432 819 519 897 ishad
543 816 777 920 Monastrriam
806 819 961 891 exieriom
989 821 1144 916 requirit,
1192 841 1260 891 nos
1291 818 1375 892 ideo
1402 819 1523 894 eidem
1552 815 1766 892 serenissimo
1788 816 1916 891 Domi-

269 944 340 1015 ἰιο
366 937 567 1016 Archiduci
596 932 763 1035 Leopoido
782 936 1044 1013 infinuauimus
1063 937 1171 1012 satius
1189 938 1303 1021 sore,
1327 935 1353 1011 li
1381 958 1494 1014 vnum
1520 947 1663 1012 tantum
1690 933 1913 1011 Monachum
1974 1027 1978 1030 .

288 1059 510 1134 sacerdotem
541 1079 588 1130 ex
614 1056 715 1130 hisce
738 1055 950 1157 Monosteriis
972 1055 1065 1131 nobis
1082 1054 1235 1155 sarbjeiiis
1258 1057 1391 1131 deduci
1413 1066 1570 1138 c'nraret,
1609 1055 1672 1153 qui
1700 1065 1821 1129 tamen
1848 1054 1913 1127 ho·
1959 1102 1973 1144 .·
2083 1100 2114 1130 =.

285 1179 398 1254 neliis
418 1179 628 1275 parentibus
659 1177 745 1250 esset
779 1190 899 1259 ortus,
939 1188 1061 1250 aetete
1085 1174 1171 1249 elset
1197 1179 1381 1271 proueiia,
1427 1173 1645 1251 Eruditione
1671 1196 1716 1247 au
1742 1173 1912 1250 Dostrina

285 1297 491 1382 excellens,
531 1277 849 1380 bonsemannus,
896 1316 939 1369 uc
959 1288 1153 1393 Disciplina
1180 1293 1413 1370 ecclesiastica
1440 1278 1648 1389 probatus‘
1668 1296 1705 1372 dr
1729 1293 1767 1367 in
1797 1292 1910 1369 obser·

283 1399 408 1494 'tantia
432 1415 605 1512 regulari,
653 1412 815 1488 maxime
850 1414 899 1488 sui
925 1415 1084 1525 Ordinis*
1101 1413 1166 1490 diu
1193 1413 1231 1492 δι
1258 1414 1367 1510 probe
1399 1416 1577 1497 versatus,
1615 1412 1676 1508 qni
1706 1411 1910 1515 Praeleiius

285 1539 323 1615 dr
346 1537 511 1638 lisngifler
540 1531 1046 1620 Nouitiorumconliitneretur,
1096 1556 1139 1608 ac
1168 1533 1350 1608 diceretur
1390 1529 1590 1608 a'nemine
1617 1530 1707 1614 alio,
1747 1553 1857 1629 quam
1888 1553 1910 1606 a

284 1655 507 1732 eelfituaine
545 1652 626 1731 sua.
646 1651 858 1728 serenissima
890 1654 1121 1749 dependens,
1172 1657 1210 1730 dr
1247 1653 1318 1727 iaec
1359 1652 1452 1747 jaiso
1480 1653 1724 1737 fiandamento
1754 1652 1908 1747 septem,

283 1779 363 1855 ooo
389 1775 449 1854 vel
475 1773 593 1872 plnres
617 1770 738 1868 postea
767 1770 1026 1849 Adulescentes
1057 1758 1104 1847 eir
1132 1771 1272 1871 Alsatio
1303 1771 1341 1848 ἀ
1365 1766 1719 1868 circumjacentibus¹
1742 1769 1832 1845 locis
1861 1769 1908 1846 ad

282 1893 448 1973 habitum
491 1893 528 1970 dr
568 1887 795 1984 Religionem
834 1890 873 1966 S.
901 1891 1090 1970 Beneditii
1131 1891 1341 1967 admitteret
1384 1893 1448 1968 sub
1475 1891 1560 1968 diiii
1596 1890 1713 1965 Patris
1749 1887 1905 1984 Magistri

281 2037 367 2088 caua
392 2016 430 2090 ir
456 2010 659 2109 Disciplina.
710 2009 863 2093 Quodsi
894 2011 1011 2088 ditius
1032 2009 1285 2087 Serenillimus
1308 2011 1498 2088 Archidux
1521 2011 1617 2086 hauc
1644 2007 1800 2084 nostram
1827 2029 1908 2105 pro·

279 2131 419 2210 bauerit
443 2130 680 2214 sententiam,
719 2127 908 2223 fignificat,
949 2130 1080 2206 statim
1098 2131 1311 2207 Dominatio
1340 2143 1439 2218 tna,
1460 2153 1507 2207 an
1537 2127 1660 2205 saltem
1686 2127 1797 2204 talem
1826 2130 1906 2206 Μο·

280 2253 437 2327 nachum
464 2249 593 2325 isthinc
623 2272 645 2324 a
670 2250 733 2326 suo
761 2249 977 2324 Monaiierio
1013 2249 1176 2324 obtinere
1206 2251 1419 2345 poterimus.
1490 2248 1560 2326 Cui
1587 2247 1732 2323 interim
1758 2270 1905 2350 operam
2042 2303 2043 2307 a

280 2374 428 2447 omnem
456 2369 610 2446 nostram
640 2367 893 2466 paratissimam
920 2365 1126 2453 offerimus,
1171 2391 1392 2468 omnemque
1424 2368 1636 2447 felicitatem
1661 2389 1685 2441 a
1715 2366 1793 2442 Deo
1823 2391 1905 2470 pre·
2020 2400 2021 2403 ι
2109 2449 2115 2459 ,

278 2512 416 2566 camur.
463 2488 632 2564 munna
659 2470 714 2562 ιι.
735 2487 858 2562 Martii
889 2496 992 2581 1⁶15.
1043 2484 1253 2564 Persslustris
1279 2512 1322 2565 ac
1353 2490 1550 2566 admodum
1571 2488 1808 2563 Reuerendae
1829 2488 1904 2564 Do·

282 2608 496 2686 minationis
523 2617 609 2682 tuae
640 2607 702 2684 vbi
736 2607 846 2684 luerit
869 2606 976 2683 ualde
992 2606 1177 2684 'studiosos
1211 2608 1250 2685 ar
1284 2601 1331 2685 ad
1364 2609 1489 2686 omnia
1514 2609 1709 2706 commoda
1733 2608 1920 2708 paratillir

279 2739 363 2806 mus
394 2726 580 2806 manian
603 2725 788 2826 Episcopatu
817 2727 952 2806 Adriae
972 2725 1123 2815 Nereius
1145 2727 1362 2827 Apostolicus.
1412 2728 1565 2828 Mppria.

371 2965 477 3042 Duos
498 2963 573 3061 jam
604 2970 690 3040 ante
714 2964 857 3041 Menses
882 2963 1007 3042 Aban
1038 2963 1156 3041 noster
1181 2964 1227 3041 ab
1252 2963 1330 3063 ‚ipio
1361 2963 1569 3044 Archiduce
1596 2966 1755 3044 Litteras
1784 2967 1901 3048 fernae

279 3081 441 3180 ejusdem
466 3092 550 3159 cnm
575 3066 710 3160 Nuntii
739 3084 876 3159 tenoris
902 3092 1107 3183 acceperat,
1145 3083 1209 3159 nisi
1233 3086 1330 3184 quod
1354 3085 1415 3161 ille
1444 3086 1599 3183 Georgia
1626 3086 1811 3183 optionem
1841 3111 1898 3166 re·

278 3204 481 3303 linqueret,
530 3202 734 3279 Monachus
763 3215 828 3286 ant
860 3201 1093 3280 Muriociium
1125 3226 1173 3279 ex
1199 3204 1324 3283 Vineis
1352 3204 1549 3294 mittendi,
1593 3216 1656 3282 ant
1679 3229 1726 3281 ex
1752 3205 1899 3283 Morbo-

276 3322 351 3399 chio
377 3327 411 3399 in
440 3322 565 3398 Virrras
583 3322 799 3421 recipiendi,
840 3334 904 3397 ant
927 3323 1085 3421 denique
1113 3321 1265 3428 eJsrrarnes
1297 3321 1420 3400 nubila
1438 3351 1504 3426 pro
1527 3323 1726 3402 Morboclrio
1758 3329 1793 3401 in
1821 3325 1898 3403 No-

274 3445 425 3520 uitiorum
458 3439 736 3540 Weirrgorterrsem
761 3441 1198 3537 admirandissimum
1229 3445 1266 3521 dt
1291 3444 1485 3521 secundum
1516 3444 1579 3522 sibl
1609 3444 1734 3522 Abbas
1766 3446 1896 3542 depre-¹

274 3574 378 3638 catus
401 3561 460 3637 est.
534 3561 583 3635 Et
609 3560 698 3635 illud
727 3561 876 3658 quidem
912 3572 1056 3657 propter
1082 3562 1261 3660 propriam
1289 3563 1553 3655 Monachorum
1580 3563 1760 3660 inopiam,
1800 3565 1893 3643 illud

271 3693 415 3765 autem,
454 3680 553 3778 quod
580 3678 1015 3757 Monachi'Libertatibns
1045 3678 1158 3755 semel
1194 3681 1351 3767 adsueti,
1396 3683 1458 3760 vix
1489 3693 1553 3759 aut
1576 3706 1625 3758 ne
1649 3683 1710 3759 vix
1741 3683 1920 3784 quidem·
2016 3754 2020 3763 .
2057 3701 2070 3726 ·

270 3801 318 3874 a'rl
346 3799 552 3876 stritiiorem
580 3798 729 3874 viuendi
761 3822 928 3876 normam
960 3798 994 3874 se
1025 3799 1120 3876 fletis
1142 3801 1338 3897 patiantur.
1383 3802 1481 3878 Drios
1502 3798 1610 3878 tamin
1633 3800 1799 3907 oJuniorrs
1820 3802 1897 3880 luis

269 3918 518 4014 adgregandos
542 3917 701 3995 Nouitiis
729 3913 883 3996 libenter
905 3921 942 3994 se
962 3918 1202 4017 suscepturum
1231 3919 1438 4018 pollicetur,
1467 3919 1628 3995 simodo
1662 3947 1716 3999 12
1723 3935 1805 3999 ant
1833 3944 1896 4017 ι3

267 4059 405 4114 annum
434 4038 598 4113 nondum
626 4037 852 4114 excessisent
924 4036 1061 4115 Datum
1087 4038 1324 4134 weingarten
1363 4065 1418 4137 ¹3·
1442 4039 1533 4142 Jau.
1541 4049 1659 4134 ¹⁶¹5·
1722 4044 1773 4193 Et
1802 4043 1891 4120 ideo

267 4155 451 4234 Nuncio
442 4178 480 4232 m
506 4157 601 4232 hanc
627 4155 745 4233 ferme
769 4152 983 4233 sententiam
1013 4156 1217 4255 respondit:
1828 4202 1831 4207 -

278 4371 583 4471 illustrillime
611 4417 654 4469 ac
679 4323 988 4472 Reuerendillime
1011 4393 1190 4480 Domine,
1225 4392 1387 4474 Domine
1410 4334 1739 4476 olrseruanrfillr'nie
1782 4398 1885 4486 Quas

265 4510 487 4589 Iiluliriffima
519 4536 562 4588 ac
584 4513 823 4592 Reuerendlls
826 4538 886 4590 ma
911 4511 1094 4590 Cellitndo
1114 4517 1227 4593 vellra
1255 4519 1303 4594 ad
1327 4541 1388 4595 me
1412 4518 1518 4595 dedit
1542 4520 1701 4624 bitteris
1734 4519 1808 4598 sula
1822 4520 1891 4600 die

263 4631 324 4710 Xl.
350 4630 474 4707 Martii
497 4621 662 4730 scriptas,
691 4657 757 4722 ea,
792 4657 865 4732 qua
884 4635 1011 4720 decet,
1042 4637 1245 4717 renerena'a
1266 4608 1359 4714 XXi
1385 4639 1563 4739 eiusdem
1565 4639 1715 4716 silentis
1742 4643 1884 4741 accepi,
1928 4653 1931 4662 '

262 4751 301 4828 in
324 4751 453 4852 uiribus
471 4752 655 4832 Celsnrdo
678 4754 792 4837 restra
812 4754 836 4829 s
825 4753 987 4853 gnificat
1014 4775 1037 4828 a
1058 4752 1288 4835 Serenilsrmo
1315 4757 1528 4838 Amhidoce
1547 4758 1734 4882 leopoldo
1754 4763 1882 4861 quaen
