4276 5670
855 392 1280 484 *mena
1364 335 1436 433 ’·
1834 381 1882 470 a

251 575 306 651 de
325 569 436 673 ipsius
461 571 624 649 bonitate
644 568 884 646 diffidendum
912 588 986 641 uon
1008 567 1194 651 crederet,
1218 588 1330 664 quem
1355 561 1453 660 prius
1477 560 1515 638 in
1540 560 1667 638 multis
1694 569 1803 656 prout
1823 579 1882 635 rea

251 694 429 788 exigebat
447 691 644 788 propitium
667 687 732 785 fibi
756 690 794 765 dr
818 684 1016 779 benignum
1037 685 1190 762 senserat
1209 683 1423 778 adjutorem.
1472 682 1598 780 Itaque
1618 701 1767 756 ornnem
1791 677 1882 775 post·
1966 764 1973 771 ,
2045 720 2064 766 ,-

245 833 404 911 ponens
426 807 641 884 dilationem
658 807 706 883 ad
720 803 952 898 redibam
972 807 1114 898 maiman
1137 802 1284 898 eclesiam
1312 804 1347 877 ie
1369 800 1572 878 constanter
1596 799 1773 883 accinxit,
1807 797 1880 873 hoc

253 930 377 1007 secum
395 951 480 1012 ,nou
511 927 759 1025 imprudenter
792 934 967 1020 reputans
990 923 1114 999 omnia
1141 920 1340 1019 prepostere
1371 922 1410 999 dr
1444 919 1570 996 frustra
1598 918 1674 1014 agi,
1726 916 1752 992 fi
1783 915 1881 992 sacer

254 1048 377 1129 Locna
402 1045 644 1141 negligeretur
667 1043 729 1119 vbi
757 1042 859 1118 nens
882 1042 1015 1139 placari
1044 1041 1229 1118 debuiffet.
1293 1042 1373 1118 Nec
1395 1038 1525 1116 fefellit
1544 1061 1629 1114 eum
1655 1037 1746 1113 fider
1768 1057 1880 1134 quam

257 1166 296 1244 iu
318 1164 511 1241 dominum
535 1162 709 1248 imma,
747 1161 881 1260 quippe
908 1162 971 1259 qui
1007 1173 1149 1236 tantam
1187 1174 1340 1258 tamque
1373 1158 1600 1255 inopinatam
1637 1167 1791 1233 conatus
1826 1153 1880 1232 sui

257 1283 384 1363 diuino
411 1305 562 1359 munere
595 1281 811 1357 consecutus
844 1280 895 1355 est
916 1279 1134 1367 efficaciam,
1160 1292 1202 1358 vt
1227 1279 1314 1373 bp‘ro
1336 1287 1430 1352 urnas
1451 1285 1525 1352 mari
1543 1277 1682 1374 spatior
1707 1273 1879 1351 machina

232 1402 382 1505 ,tempii
412 1399 656 1498 reparatat&
681 1396 794 1477 Atat
815 1400 1060 1476 decentiffime
1080 1399 1279 1486 collocato,
1319 1396 1447 1473 diuina
1472 1395 1511 1470 iu
1541 1420 1587 1471 eo
1615 1394 1787 1492 mysteria
1813 1393 1878 1468 sol·

260 1520 424 1599 lemuiter
443 1520 715 1599 celebrarentur.
785 1518 939 1617 Voxque
964 1518 1200 1595 exultationis
1232 1520 1270 1595 dr
1302 1515 1419 1593 letitie
1454 1523 1536 1591 irater
1562 1516 1713 1605 mauros
1740 1522 1878 1617 putem
1921 1534 1934 1559 .

263 1664 330 1717 uon
352 1639 427 1715 line
455 1624 589 1734 mag'no
614 1639 867 1735 gratulationis
895 1638 1054 1736 tripudio
1082 1630 1335 1733 perbnares
1363 1635 1413 1710 Et
1445 1633 1510 1734 qui
1546 1633 1646 1731 prius
1676 1632 1878 1711 incinerata
1901 1640 1905 1645 ’

263 1759 454 1849 notorum
477 1758 549 1833 ossa
571 1781 657 1836 cum
682 1759 807 1834 dolore
834 1757 1064 1855 aspexerant,
1100 1779 1201 1833 nuno
1226 1780 1312 1833 cum
1339 1760 1455 1835 samaa
1492 1753 1583 1830 edes
1612 1751 1738 1828 diuino
1762 1751 1877 1828 cultui

265 1877 438 1955 rellitutaa
467 1889 668 1966 cernerent,
696 1876 925 1962 excitabant,
951 1898 1020 1950 nec
1044 1886 1188 1951 tanturn
1212 1869 1382 1971 indigene
1401 1874 1461 1950 sed
1485 1873 1599 1951 etiam
1621 1870 1728 1948 multi
1751 1873 1800 1948 de
1816 1895 1877 1955 rr·
1905 1966 1909 1970 Δ

267 2004 348 2097 anis
367 1997 772 2095 peribo-adtenuatae
800 1995 967 2073 effetum
990 1993 1128 2070 oelestis
1157 1993 1324 2069 beneficii
1350 1993 1592 2080 mirabantur,
1630 1991 1772 2068 debitas
1798 1990 1877 2067 Au·

267 2114 348 2192 dori
371 2116 409 2192 dr
432 2113 567 2192 fautori
588 2115 754 2192 omnium
783 2116 961 2192 bonorum
989 2113 1071 2189 Deo
1100 2112 1235 2207 gratias
1262 2112 1489 2190 exhibentes.
1553 2115 1704 2207 cnopm
1728 2108 1877 2194 interim

270 2231 302 2333 ir
311 2232 441 2334 fnestra
467 2256 552 2310 cum
577 2237 726 2309 tauma
750 2235 795 2320 ὁ*
815 2238 945 2331 pinzan
968 2233 1121 2329 aliisque
1142 2233 1253 2319 uriessr
1267 2239 1453 2308 mammis
1478 2233 1710 2330 aptabantur,
1735 2229 1897 2328 insuper‘

271 2374 388 2428 umnec
411 2349 523 2445 effim
548 2355 679 2454 flustra·
697 2349 875 2428 ditioribus
895 2379 985 2450 parom
1008 2358 1100 2448 priur
1124 2349 1258 2445 summu
1289 2359 1389 2427 naris
1407 2363 1497 2448 arque
1515 2349 1641 2445 tdficr'is
1666 2353 1875 2443 amimam·

267 2482 335 2559 tr,
356 2470 469 2546 tacite
489 2492 575 2549 rero
597 2483 719 2548 toturn
747 2480 908 2547 nemrod
926 2479 1030 2567 patris
1057 2471 1152 2565 aosirr'
1172 2472 1221 2547 ad
1248 2470 1344 2547 banc
1365 2469 1544 2548 summam
1570 2471 1744 2547 tendebat
1774 2467 1875 2564 inge·

266 2589 358 2666 nium
388 2600 430 2665 vt
456 2589 552 2666 saner
580 2586 683 2665 locus
704 2588 893 2687 mfiraiis
923 2590 1112 2687 susciperet
1129 2594 1337 2666 bemdidioris
1362 2590 1681 2688 complementum.
1740 2588 1875 2666 Arciut

266 2712 425 2804 (arbitrr)
461 2720 583 2784 autem
612 2707 762 2784 instabat
784 2709 872 2808 jugi,
890 2710 1125 2787 sollicitudine
1153 2710 1314 2794 estuans,
1352 2723 1393 2788 rt
1425 2709 1497 2785 hoc
1516 2715 1570 2801 [αι
1595 2688 1895 2810 adminstrationis·

264 2835 383 2923 tropon
407 2825 527 2910 lieret,
559 2827 770 2924 precipuum
792 2827 855 2903 libi
882 2829 921 2904 δι
950 2829 1047 2904 inter
1077 2828 1169 2903 alios
1195 2829 1336 2906 laborea
1363 2828 1483 2924 magis
1507 2829 1733 2905 meritorium
1755 2825 1875 2903 exilii·

262 2961 380 3033 ωε,
410 2942 634 3041 fitemplum
660 2945 728 3020 Dei
754 2950 814 3042 ἱρή)
830 2958 1024 3042 parimente
1043 2947 1166 3024 debito
1187 2946 1414 3042 insigniretur
1438 2948 1594 3036 honore,
1626 2949 1699 3025 srne
1724 2973 1797 3047 quo
1818 2969 1875 3022 re·

261 3062 351 3162 liqua
370 3064 503 3163 potos
519 3063 710 3141 insudabat
728 3065 925 3141 absolutam
936 3066 1075 3144 babere
1095 3089 1168 3143 uon
1188 3078 1357 3164 poterant
1378 3067 1643 3165 persestionem.
1689 3070 1764 3146 Sed
1788 3067 1876 3165 qnia

261 3184 444 3259 dubitabat
466 3207 513 3258 an
535 3184 670 3280 aliquid
694 3187 732 3259 do
760 3192 896 3281 reliquiis
919 3188 1012 3262 Beati
1033 3209 1199 3263 marmur
1226 3185 1419 3284 superesset
1448 3211 1541 3285 quae
1569 3189 1608 3264 in
1636 3196 1799 3286 principali
1825 3192 1874 3262 ol·

259 3312 317 3379 sni
339 3302 511 3402 deperisse
537 3305 765 3399 putabantur.
819 3304 965 3379 Saniori
984 3308 1133 3381 tandem
1157 3306 1238 3381 vsus
1264 3305 1427 3390 confilio,
1464 3304 1559 3384 milit
1592 3311 1639 3384 ad
1654 3309 1781 3402 fiotres
1800 3302 1874 3380 Aa·
2025 3334 2049 3413 ‘⁹

258 3422 362 3517 gimfir
376 3424 416 3518 ὕ)
441 3427 553 3498 cenobii
575 3421 634 3499 vbi
658 3447 732 3497 non
755 3423 934 3498 modicam
963 3426 1011 3499 de
1032 3430 1143 3500 rudem
1164 3431 1298 3518 reliquii.r
1320 3433 1486 3521 portionem
1512 3435 1659 3503 mnirari
1687 3429 1875 3517 audierat,

258 3541 335 3640 ipsis
356 3564 446 3618 cum
472 3541 597 3617 multa.
614 3541 823 3617 deuotionis
847 3542 1017 3618 instantia
1047 3543 1246 3641 supplicans
1276 3555 1316 3618 vt
1348 3542 1505 3621 fraterne
1530 3547 1693 3623 caritatis
1718 3548 1873 3635 intuitu,

258 3672 329 3740 tam
352 3660 491 3738 tristem
517 3650 675 3758 supplere
699 3661 881 3738 descitum
908 3664 1152 3758 dignarentur.
1198 3663 1305 3746 Quod
1326 3677 1367 3740 vt
1391 3664 1532 3742 sacilitm
1552 3667 1732 3761 obtineret
1749 3677 1873 3744 littam
1919 3704 1925 3709 ·

257 3788 297 3855 tis
315 3792 385 3856 tn
410 3803 451 3856 tt
462 3781 526 3878 san
552 3804 642 3876 guam
664 3790 762 3856 tortor
781 3787 895 3876 collegii
923 3794 1013 3878 porra
1028 3785 1092 3877 fid
1112 3791 1170 3857 rati
1197 3794 1298 3856 terrm
1319 3786 1445 3858 direxit.
1492 3785 1542 3862 Vt
1561 3785 1588 3860 fi
1608 3800 1754 3885 optatus
1776 3787 1873 3865 votis

258 3899 379 3977 uostris
406 3900 612 3998 proueniret
632 3899 797 3984 effeetus,
822 3914 1033 3996 perpetuum
1056 3902 1163 3977 nobis
1189 3902 1399 3978 memoriale
1426 3904 1547 4015 lieret,
1581 3931 1653 4005 quo
1675 3907 1769 4006 ipsos
1795 3919 1873 3984 tam

258 4017 542 4096 morationibus
569 4019 742 4116 quam.iu
769 4018 851 4093 aliis
874 4017 1069 4097 fidelissime
1093 4022 1271 4099 societatis
1296 4026 1332 4101 dr
1364 4025 1525 4100 amicitie
1557 4027 1686 4104 officiis
1719 4031 1758 4108 dt
1787 4026 1872 4102 affe·

260 4137 365 4216 dibus
386 4137 595 4214 Kariiiimos
622 4139 760 4236 semper
781 4138 916 4214 habere
941 4139 1165 4219 deberemus.
1214 4140 1285 4226 Qui
1307 4144 1465 4242 acceptis
1484 4144 1617 4222 litteris
1643 4171 1729 4226 cum
1750 4149 1872 4231 secum

246 4255 521 4342 deliberassent,
566 4257 703 4354 diuque
736 4254 951 4343 reluctantes
978 4258 1173 4336 hesitarent
1202 4262 1290 4358 qnid
1331 4265 1449 4340 facere
1484 4265 1636 4356 vellent,
1679 4268 1872 4370 indignum

259 4371 455 4470 'prdicantes
480 4375 631 4450 tandem
660 4373 686 4448 sr
709 4374 872 4450 oblatum
898 4376 1056 4454 fraterne
1079 4380 1285 4457 deuotionis
1299 4383 1506 4482 obsequium
1523 4387 1687 4483 spernere
1707 4394 1872 4470 videren-
1991 4379 2000 4387 ⁸

259 4501 330 4582 tur,
351 4496 492 4591 spirit&
501 4493 598 4589 fedas
618 4492 710 4568 inire
735 4493 923 4572 uobiscum
949 4496 1012 4573 sub
1034 4498 1098 4574 tali
1122 4501 1222 4595 pasto
1247 4503 1502 4592 decreuerunt,
1526 4519 1567 4583 rt
1588 4511 1775 4589 mediante
1793 4526 1871 4592 tuo

258 4615 447 4690 reuerende
477 4610 673 4691 {militatis
707 4634 857 4688 munere
881 4611 1038 4711 specialis
1073 4619 1111 4698 dr
1133 4641 1222 4716 pura
1241 4622 1371 4703 intime
1396 4625 1558 4704 caritatis
1590 4631 1746 4710 societas.
1775 4633 1872 4711 inter

1153 4736 1171 4815 Ῑ
1193 4760 1217 4835 3
1790 4764 1871 4834 ⁴uon

290 4863 326 4949 η
341 4863 397 4930 Ar
414 4862 558 4950 Aaron.
577 4859 697 4931 aaa„
715 4861 806 4949 ougo
826 4860 1001 4938 namna.
