4276 5670
297 378 370 457 452
455 458 458 468 Ι
660 369 665 376 ’
891 357 1318 485 5.th
1418 432 1427 442 .

398 557 453 609 20.
468 532 617 631 Aprilis
646 533 691 622 ob
726 531 924 611 imminens
955 533 1187 629 periculum,
1218 534 1314 645 quod
1340 557 1364 608 a
1388 533 1516 610 Suecis
1552 535 1663 612 nobis·
1688 533 1863 619 instabat,
1885 536 1928 613 in

233 697 243 730 ,·
304 653 483 735 Veldir'rcl
514 652 662 751 profesti
694 654 774 727 sunt
806 649 985 728 sexdecim
1018 650 1210 762 Patres&
1246 650 1388 730 Fratres
1417 652 1543 742 nostri,
1576 655 1639 753 qui
1669 655 1729 734 die
1760 655 1928 754 sequenti

297 772 385 850 salui
423 796 552 848 omnes
578 774 616 850 dt
640 771 841 850 incolumes
869 795 915 846 eo
941 782 1192 870 petuenerunt.
1536 768 1538 773 ”

323 998 325 1003 ’
395 986 679 1066 Praeterundum
715 986 878 1064 hicnon
911 986 962 1066 est
1000 985 1186 1082 fingularis
1224 986 1406 1064 amicitiae
1439 972 1740 1087 Benedsttinique
1770 985 1926 1087 spiritns

299 1112 337 1190 dt
362 1108 548 1186 charitatis
575 1106 770 1193 indicium,
792 1109 890 1204 quod
914 1105 1081 1204 inprimis
1106 1104 1412 1213 Reuereudiffimo
1442 1104 1601 1212 Domino
1627 1105 1761 1185 Abbati
1792 1109 1926 1197 nostro,

282 1233 379 1305 'tum
404 1230 571 1304 omnious
596 1225 761 1301 Patribus
784 1228 912 1304 nostris
937 1224 1103 1302 exulibus
1132 1224 1334 1317 exhibitum
1362 1225 1431 1299 fuit
1451 1247 1473 1299 a
1491 1214 1796 1303 Reuerendiffimo
1819 1230 1858 1305 dt
1881 1225 1927 1302 ll·

248 1382 252 1387 ·
297 1346 494 1423 lustrilfimo
520 1347 682 1440 Principe
706 1369 749 1420 ac
772 1346 932 1422 Domino
956 1344 1095 1421 Placido
1120 1340 1264 1420 Abb'ate
1288 1328 1496 1444 Eiofidlenst.
1561 1344 1596 1421 Is
1621 1369 1704 1423 cum
1729 1340 1926 1421 intellexis-

298 1466 351 1543 set
374 1467 531 1541 Sueuiae
556 1464 694 1540 nostrae
726 1464 904 1547 miserias,
938 1463 1076 1560 scriptis
1101 1461 1252 1560 propriis
1283 1463 1329 1536 ad
1358 1462 1703 1563 Reuerendissrmum
1737 1466 1926 1543 Abbatem

198 1627 201 1633 ·
289 1586 457 1664 'nostrum
483 1583 731 1661 humaniffime
761 1581 911 1670 litteris,
944 1602 1027 1658 eum
1061 1603 1103 1656 ac
1136 1603 1265 1691 omnes
1290 1579 1416 1654 Patres
1443 1581 1568 1657 exules
1593 1583 1629 1657 in
1656 1583 1755 1660 suum
1782 1581 1925 1661 Einsid·

149 1752 153 1759 -
282 1705 393 1781 “leuse
418 1704 673 1780 Monalierium
700 1700 835 1778 fincero
869 1701 991 1778 animo
1023 1698 1214 1788 inuitauit,
1249 1697 1423 1795 suumque
1448 1701 1705 1778 Monallerium
1735 1702 1927 1780 &omnia

285 1809 543 1900 'sustentationi
572 1822 710 1899 nostrae
740 1821 930 1898 necessaria
961 1819 1197 1900 liberalissime
1213 1817 1368 1901 obtulit.
1427 1820 1533 1905 Quod
1566 1845 1612 1896 eo
1646 1821 1763 1917 magis
1787 1823 1926 1898 miran-

62 1951 68 1963 ·
141 1947 165 2071 Ἰ
298 1945 407 2034 dum,
429 1943 515 2041 quia
537 1944 608 2018 hoc
631 1941 705 2040 ipso
730 1953 892 2037 tempore
917 1943 963 2017 ob
988 1939 1175 2016 Ditionem
1199 1937 1483 2040 Blnmenegensem
1511 1939 1549 2017 dr
1574 1941 1860 2039 Praeposituram
1885 1938 1924 2021 S.

303 2061 442 2139 Geroldr'
464 2074 608 2161 propter
632 2062 808 2159 quaedam
835 2051 939 2159 Jura',
963 2083 1056 2159 quae
1078 2069 1230 2155 utraque
1253 2080 1335 2153 pars
1360 2056 1422 2133 fibi
1447 2059 1568 2136 deberi
1592 2061 1802 2148 authumat,
1837 2062 1927 2140 utri·

298 2205 370 2283 que
393 2182 543 2303 Domini
567 2180 732 2259 Abbates
756 2203 830 2255 non
856 2181 948 2257 bene
971 2177 1166 2262 conuenire
1191 2176 1406 2255 videbantur
1429 2189 1498 2254 etc.
1572 2190 1576 2201 '

394 2372 478 2476 Non
506 2396 629 2473 minus
661 2395 863 2472 humanum
891 2396 930 2471 in
964 2394 1093 2468 eodem
1129 2398 1264 2488 genere
1294 2390 1520 2471 inuitationis
1550 2394 1586 2469 se
1614 2394 1788 2473 exhibuit
1804 2395 1946 2502 Reue-x

296 2519 523 2598 rendiffimus
550 2520 587 2594 dr
613 2515 858 2593 lllultrillimus
884 2514 1056 2609 Princeps
1080 2535 1123 2587 ac
1151 2510 1333 2586 Dominus
1356 2511 1511 2619 jodocus
1535 2513 1752 2589 Fabarienbs
1777 2518 1926 2603 Abbas,

297 2636 361 2736 qui
394 2637 682 2733 manu‘propria
713 2634 872 2709 exaratis
902 2631 1034 2708 litteris
1067 2633 1105 2709 dt
1134 2631 1479 2708 Reuerendiffimum
1511 2633 1617 2709 Dom.
1649 2628 1835 2712 Abbatem
1862 2661 1928 2710 no·

284 2758 427 2842 lium,
454 2759 491 2834 dr
517 2756 655 2852 aliquot
678 2756 805 2828 Pat‘res
826 2751 1074 2829 humanissime
1097 2749 1367 2825 noninuitauit
1397 2765 1558 2837 tantum,
1597 2752 1669 2827 sed·
1686 2757 1732 2828 ad
1768 2753 1804 2828 se
1831 2754 1928 2833 inui-

299 2855 449 2931 sendum
474 2874 584 2951 prope
608 2849 802 2947 adjurauit.
827 2848 866 2944 ⁶)
930 2849 986 2924 lta
1015 2847 1128 2923 etiam
1160 2847 1484 2944 temporibusznon
1518 2848 1630 2925 solum
1655 2848 1841 2936 felicibus,
1869 2854 1928 2930 sed

300 2975 413 3051 etiam
437 2973 572 3051 nubilis
598 2973 636 3051 dr
660 2971 783 3050 miuus
808 2967 1002 3045 sornrnatis
1023 2967 1161 3089 amicos
1185 2964 1403 3043 fidelissimos
1428 2967 1649 3046 inuenimus.
1699 2970 1953 3087 benedictus·

299 3097 423 3173 neus!
1395 3106 1410 3123 ·'
1914 3102 1921 3117 “

398 3334 455 3405 23.
468 3306 615 3407 ‘'Aprilis
640 3304 684 3382 D.
709 3303 867 3410 ffoonnes
893 3302 1043 3378 Martini
1066 3301 1273 3378 monasterii
1305 3301 1411 3379 nostri
1452 3301 1671 3387 Praesettus,
1707 3251 1827 3383 scriba
1865 3309 1931 3388 Al-

105 3509 120 3538 .
191 3453 201 3467 κ
300 3430 493 3519 tofffenfis,
520 3431 557 3507 ἀ
582 3424 848 3525 alius-,quidam
871 3423 1020 3498 nomine
1043 3422 1255 3498 Prouinciae
1288 3419 1568 3517 (Lnndschasr)
1592 3447 1674 3500 cum
1701 3423 1933 3508 suecicarum

301 3552 483 3651 copiarum
517 3547 620 3623 Duce
652 3544 811 3623 Biberoci
840 3555 1107 3628 commorante,
1132 3554 1188 3633 ,vt
1215 3539 1367 3617 essemus
1397 3540 1443 3615 ab
1476 3541 1673 3630 incendiis„
1710 3545 1935 3644 direptioni·

301 3673 370 3750 bus
391 3681 460 3746 etc.
487 3667 689 3751 immunes,
714 3662 806 3759 pani
832 3659 971 3737 suntin
999 3659 1151 3756 singulas
1175 3660 1423 3736 hebdomadas
1450 3683 1639 3739 numerare
1667 3688 1749 3756 250.
1780 3669 1935 3748 taleros.

302 3789 478 3871 Vittualia
506 3810 591 3864 vero
623 3785 661 3860 in
693 3782 847 3878 singulos
878 3781 958 3855 dies
987 3776 1098 3876 pendi
1118 3780 1298 3855 debebant
1324 3805 1356 3856 2.
1382 3793 1564 3868 armenta,
1599 3805 1712 3878 panes
1736 3810 1832 3879 300,
1861 3817 1937 3869 am·

284 3917 435 4014 ,phorce
458 3905 533 3988 vini
560 3933 617 3984 20.
641 3907 716 3980 duo
740 3924 865 3977 currus
885 3897 992 3996 foeno
1013 3898 1148 4000 oqusti,
1174 3898 1308 3975 &duo
1333 3897 1509 3973 stramine.
1557 3899 1698 3999 Insuper
1723 3909 1939 3990 vexillifero

301 4033 363 4133 qui
388 4027 618 4128 Ramnsporgi
646 4023 686 4099 in
707 4024 826 4113 domo,
839 4019 957 4096 nostra
979 4020 1203 4109 morabatur,
1226 4017 1265 4093 in
1287 4008 1443 4112 smg'tdos
1464 4016 1545 4094 dies
1570 4020 1648 4096 dari
1675 4022 1875 4109 debebant
1905 4058 1939 4132 4

288 4148 519 4252 smperiales·

399 4375 430 4446 ⁶.
457 4361 559 4460 maji.
604 4354 818 4454 lntempeqa
844 4355 948 4432 nolle
970 4351 1066 4428 circa
1096 4373 1239 4428 romam
1270 4348 1380 4427 Sueci
1409 4350 1561 4436 milites,
1597 4354 1660 4451 qni
1689 4353 1942 4470 Rauemburgi

300 4491 552 4572 morabantur,
581 4476 746 4559 recessuri
779 4475 971 4574 Altorffium
999 4479 1205 4571 petierunt,
1234 4483 1319 4546 'non
1351 4490 1427 4548 tam
1458 4474 1631 4569 oppidum
1660 4499 1781 4573 quam
1822 4489 1940 4568 etiam

1903 4621 1942 4687 vt

340 4774 373 4854 ¹⁸)
399 4768 516 4854 Consule
540 4764 632 4854 Epist.
657 4760 699 4828 ad
727 4760 766 4827 P.
786 4759 955 4824 Bucclinom
982 4758 1087 4827 dolos,
1116 4775 1243 4840 quornm
1264 4757 1302 4826 &³
1315 4754 1503 4843 sicutissimm
1532 4758 1666 4842 pridem,
1694 4762 1809 4844 plum
1832 4780 1941 4841 Μῶα.

279 4882 282 4888 ’
384 4898 451 4945 mm
469 4876 506 4941 ob
528 4876 577 4938 laec
599 4870 716 4955 ‹iuliob-
730 4907 745 4927 .=
767 4888 800 4932 nc
817 4867 937 4961 piiffimo
962 4867 1099 4949 l’rltrrt'pe
1120 4864 1235 4931 Ablata·
1257 4865 1296 4928 crz'
1402 4876 1496 4927 mm.
1535 4933 1539 4941 ¹
