<?xml version="1.0" encoding="UTF-8"?>
<!DOCTYPE html PUBLIC "-//W3C//DTD XHTML 1.0 Transitional//EN"
    "http://www.w3.org/TR/xhtml1/DTD/xhtml1-transitional.dtd">
<html xmlns="http://www.w3.org/1999/xhtml" xml:lang="en" lang="en">
 <head>
  <title>
</title>
<meta http-equiv="Content-Type" content="text/html;charset=utf-8" />
  <meta name='ocr-system' content='tesseract 3.04.00' />
  <meta name='ocr-capabilities' content='ocr_page ocr_carea ocr_par ocr_line ocrx_word'/>
</head>
<body>
  <div class='ocr_page' id='page_1' title='image "./prodromusmonume00hessgoog_0042.png"; bbox 0 0 4276 5670; ppageno 0'>
   <div class='ocr_carea' id='block_1_1' title="bbox 703 404 1725 496">
    <p class='ocr_par' dir='ltr' id='par_1_1' title="bbox 703 404 1725 496">
     <span class='ocr_line' id='line_1_1' title="bbox 703 404 1725 496; baseline 0.001 -18"><span class='ocrx_word' id='word_1_1' title='bbox 703 404 1126 496; x_wconf 45' lang='lat' dir='ltr'><strong>eme</strong></span> <span class='ocrx_word' id='word_1_2' title='bbox 1210 484 1214 492; x_wconf 74' lang='grc'>,</span> <span class='ocrx_word' id='word_1_3' title='bbox 1676 423 1725 480; x_wconf 80' lang='lat'><strong>21</strong></span> 
     </span>
    </p>
   </div>
   <div class='ocr_carea' id='block_1_2' title="bbox 56 576 1737 1637">
    <p class='ocr_par' dir='ltr' id='par_1_2' title="bbox 56 576 1737 1632">
     <span class='ocr_line' id='line_1_2' title="bbox 95 576 1725 683; baseline 0.001 -27"><span class='ocrx_word' id='word_1_4' title='bbox 95 577 361 670; x_wconf 79' lang='lat' dir='ltr'><strong>„constitutam</strong></span> <span class='ocrx_word' id='word_1_5' title='bbox 379 576 467 665; x_wconf 85' lang='lat' dir='ltr'><strong>else,</strong></span> <span class='ocrx_word' id='word_1_6' title='bbox 505 601 548 653; x_wconf 89' lang='lat' dir='ltr'><strong>ac</strong></span> <span class='ocrx_word' id='word_1_7' title='bbox 575 577 821 658; x_wconf 83' lang='lat' dir='ltr'><strong>Posseffionem</strong></span> <span class='ocrx_word' id='word_1_8' title='bbox 848 581 962 657; x_wconf 90' lang='lat' dir='ltr'><strong>totius</strong></span> <span class='ocrx_word' id='word_1_9' title='bbox 987 581 1234 659; x_wconf 88' lang='lat' dir='ltr'><strong>Haereditatis</strong></span> <span class='ocrx_word' id='word_1_10' title='bbox 1261 583 1308 660; x_wconf 90' lang='lat' dir='ltr'><strong>ad</strong></span> <span class='ocrx_word' id='word_1_11' title='bbox 1335 607 1417 660; x_wconf 88' lang='lat' dir='ltr'><strong>eam</strong></span> <span class='ocrx_word' id='word_1_12' title='bbox 1437 581 1651 683; x_wconf 79' lang='lat' dir='ltr'><strong>peruenisse,</strong></span> <span class='ocrx_word' id='word_1_13' title='bbox 1683 605 1725 657; x_wconf 78' lang='lat' dir='ltr'><strong>rx</strong></span> 
     </span>
     <span class='ocr_line' id='line_1_3' title="bbox 96 696 1722 802; baseline 0.004 -30"><span class='ocrx_word' id='word_1_14' title='bbox 96 701 380 798; x_wconf 70' lang='lat' dir='ltr'><strong>„quibusquiuo</strong></span> <span class='ocrx_word' id='word_1_15' title='bbox 399 696 613 772; x_wconf 90' lang='lat' dir='ltr'><strong>Heinricum</strong></span> <span class='ocrx_word' id='word_1_16' title='bbox 637 697 819 775; x_wconf 82' lang='lat' dir='ltr'><strong>Abbatem</strong></span> <span class='ocrx_word' id='word_1_17' title='bbox 842 724 884 774; x_wconf 89' lang='lat' dir='ltr'><strong>ac</strong></span> <span class='ocrx_word' id='word_1_18' title='bbox 912 703 1176 779; x_wconf 89' lang='lat' dir='ltr'><strong>Irmentrudem</strong></span> <span class='ocrx_word' id='word_1_19' title='bbox 1193 703 1354 780; x_wconf 86' lang='lat' dir='ltr'><strong>Viduam</strong></span> <span class='ocrx_word' id='word_1_20' title='bbox 1385 701 1493 802; x_wconf 70' lang='lat' dir='ltr'><strong>oixrffi</strong></span> <span class='ocrx_word' id='word_1_21' title='bbox 1519 708 1618 779; x_wconf 82' lang='lat' dir='ltr'><strong>rodem</strong></span> <span class='ocrx_word' id='word_1_22' title='bbox 1645 720 1722 778; x_wconf 77' lang='lat' dir='ltr'><strong>rear·</strong></span> 
     </span>
     <span class='ocr_line' id='line_1_4' title="bbox 95 816 1724 920; baseline 0.002 -26"><span class='ocrx_word' id='word_1_23' title='bbox 95 841 213 916; x_wconf 59' lang='lat' dir='ltr'><strong>„poro</strong></span> <span class='ocrx_word' id='word_1_24' title='bbox 238 816 445 915; x_wconf 81' lang='lat' dir='ltr'><strong>&amp;quidem</strong></span> <span class='ocrx_word' id='word_1_25' title='bbox 465 820 527 918; x_wconf 74' lang='lat' dir='ltr'><strong>psss</strong></span> <span class='ocrx_word' id='word_1_26' title='bbox 549 816 767 894; x_wconf 91' lang='lat' dir='ltr'><strong>Guelsonem</strong></span> <span class='ocrx_word' id='word_1_27' title='bbox 794 821 942 898; x_wconf 88' lang='lat' dir='ltr'><strong>tertium</strong></span> <span class='ocrx_word' id='word_1_28' title='bbox 958 821 1196 898; x_wconf 88' lang='lat' dir='ltr'><strong>Irmentrudis</strong></span> <span class='ocrx_word' id='word_1_29' title='bbox 1218 821 1365 907; x_wconf 84' lang='lat' dir='ltr'><strong>Filium,</strong></span> <span class='ocrx_word' id='word_1_30' title='bbox 1390 847 1521 920; x_wconf 83' lang='lat' dir='ltr'><strong>qoem,</strong></span> <span class='ocrx_word' id='word_1_31' title='bbox 1551 837 1593 899; x_wconf 87' lang='lat' dir='ltr'><strong>vt</strong></span> <span class='ocrx_word' id='word_1_32' title='bbox 1613 824 1724 899; x_wconf 84' lang='lat' dir='ltr'><strong>verba</strong></span> 
     </span>
     <span class='ocr_line' id='line_1_5' title="bbox 97 936 1737 1039; baseline 0.001 -25"><span class='ocrx_word' id='word_1_33' title='bbox 97 940 271 1028; x_wconf 83' lang='lat' dir='ltr'><strong>‚,sonant,</strong></span> <span class='ocrx_word' id='word_1_34' title='bbox 285 941 530 1035; x_wconf 69' lang='lat' dir='ltr'><strong>firperuixnur.</strong></span> <span class='ocrx_word' id='word_1_35' title='bbox 582 936 664 1011; x_wconf 92' lang='lat' dir='ltr'><strong>Hoc</strong></span> <span class='ocrx_word' id='word_1_36' title='bbox 688 939 757 1033; x_wconf 91' lang='lat' dir='ltr'><strong>pos</strong></span> <span class='ocrx_word' id='word_1_37' title='bbox 762 951 800 1013; x_wconf 96' lang='lat' dir='ltr'><strong>to</strong></span> <span class='ocrx_word' id='word_1_38' title='bbox 819 940 976 1038; x_wconf 89' lang='lat' dir='ltr'><strong>sequitur</strong></span> <span class='ocrx_word' id='word_1_39' title='bbox 1000 941 1214 1019; x_wconf 81' lang='lat' dir='ltr'><strong>Heinricum</strong></span> <span class='ocrx_word' id='word_1_40' title='bbox 1239 942 1407 1018; x_wconf 80' lang='lat' dir='ltr'><strong>abbatem</strong></span> <span class='ocrx_word' id='word_1_41' title='bbox 1431 944 1589 1039; x_wconf 90' lang='lat' dir='ltr'><strong>primum</strong></span> <span class='ocrx_word' id='word_1_42' title='bbox 1619 941 1737 1016; x_wconf 82' lang='lat' dir='ltr'><strong>fuisse·</strong></span> 
     </span>
     <span class='ocr_line' id='line_1_6' title="bbox 98 1053 1725 1154; baseline 0 -18"><span class='ocrx_word' id='word_1_43' title='bbox 98 1053 312 1150; x_wconf 69' lang='lat' dir='ltr'><strong>„abbatem</strong></span> <span class='ocrx_word' id='word_1_44' title='bbox 346 1082 406 1131; x_wconf 85' lang='lat' dir='ltr'><strong>non</strong></span> <span class='ocrx_word' id='word_1_45' title='bbox 424 1060 522 1150; x_wconf 82' lang='lat' dir='ltr'><strong>solum</strong></span> <span class='ocrx_word' id='word_1_46' title='bbox 549 1055 624 1153; x_wconf 84' lang='lat' dir='ltr'><strong>post</strong></span> <span class='ocrx_word' id='word_1_47' title='bbox 650 1059 803 1154; x_wconf 81' lang='lat' dir='ltr'><strong>primam</strong></span> <span class='ocrx_word' id='word_1_48' title='bbox 833 1061 1106 1135; x_wconf 80' lang='lat' dir='ltr'><strong>translationem</strong></span> <span class='ocrx_word' id='word_1_49' title='bbox 1131 1084 1177 1134; x_wconf 85' lang='lat' dir='ltr'><strong>err</strong></span> <span class='ocrx_word' id='word_1_50' title='bbox 1208 1060 1473 1150; x_wconf 81' lang='lat' dir='ltr'><strong>Altomunsler,</strong></span> <span class='ocrx_word' id='word_1_51' title='bbox 1518 1061 1725 1137; x_wconf 85' lang='lat' dir='ltr'><strong>sedetiam</strong></span> 
     </span>
     <span class='ocr_line' id='line_1_7' title="bbox 97 1174 1722 1283; baseline 0.001 -30"><span class='ocrx_word' id='word_1_52' title='bbox 97 1183 186 1283; x_wconf 78' lang='lat' dir='ltr'><strong>„post</strong></span> <span class='ocrx_word' id='word_1_53' title='bbox 205 1184 300 1253; x_wconf 82' lang='lat' dir='ltr'><strong>oliam</strong></span> <span class='ocrx_word' id='word_1_54' title='bbox 323 1199 362 1249; x_wconf 80' lang='lat' dir='ltr'><strong>rr</strong></span> <span class='ocrx_word' id='word_1_55' title='bbox 385 1174 524 1267; x_wconf 80' lang='lat' dir='ltr'><strong>Altors</strong></span> <span class='ocrx_word' id='word_1_56' title='bbox 511 1200 544 1248; x_wconf 85' lang='lat' dir='ltr'><strong>m</strong></span> <span class='ocrx_word' id='word_1_57' title='bbox 566 1179 703 1250; x_wconf 73' lang='lat' dir='ltr'><strong>Monam</strong></span> <span class='ocrx_word' id='word_1_58' title='bbox 724 1181 1105 1256; x_wconf 65' lang='lat' dir='ltr'><strong>nonsummum</strong></span> <span class='ocrx_word' id='word_1_59' title='bbox 1129 1179 1248 1254; x_wconf 89' lang='lat' dir='ltr'><strong>haec</strong></span> <span class='ocrx_word' id='word_1_60' title='bbox 1238 1202 1275 1253; x_wconf 87' lang='lat' dir='ltr'><strong>rn</strong></span> <span class='ocrx_word' id='word_1_61' title='bbox 1298 1179 1438 1256; x_wconf 67' lang='lat' dir='ltr'><strong>Moram</strong></span> <span class='ocrx_word' id='word_1_62' title='bbox 1455 1181 1722 1257; x_wconf 75' lang='lat' dir='ltr'><strong>tromsotr&#39;ofasta</strong></span> 
     </span>
     <span class='ocr_line' id='line_1_8' title="bbox 56 1293 1721 1394; baseline -0.001 -19"><span class='ocrx_word' id='word_1_63' title='bbox 56 1367 64 1383; x_wconf 82' lang='grc'><strong>.</strong></span> <span class='ocrx_word' id='word_1_64' title='bbox 100 1299 179 1390; x_wconf 78' lang='lat' dir='ltr'><strong>„esi</strong></span> <span class='ocrx_word' id='word_1_65' title='bbox 203 1298 267 1372; x_wconf 77' lang='lat' dir='ltr'><strong>ffib</strong></span> <span class='ocrx_word' id='word_1_66' title='bbox 291 1293 447 1388; x_wconf 73' lang='lat' dir='ltr'><strong>(suessona</strong></span> <span class='ocrx_word' id='word_1_67' title='bbox 472 1303 560 1368; x_wconf 82' lang='lat' dir='ltr'><strong>tertio</strong></span> <span class='ocrx_word' id='word_1_68' title='bbox 594 1296 698 1370; x_wconf 86' lang='lat' dir='ltr'><strong>Duce</strong></span> <span class='ocrx_word' id='word_1_69' title='bbox 724 1297 952 1386; x_wconf 82' lang='lat' dir='ltr'><strong>Corinthiae,</strong></span> <span class='ocrx_word' id='word_1_70' title='bbox 985 1312 1025 1374; x_wconf 89' lang='lat' dir='ltr'><strong>vt</strong></span> <span class='ocrx_word' id='word_1_71' title='bbox 1052 1298 1152 1394; x_wconf 89' lang='lat' dir='ltr'><strong>supra</strong></span> <span class='ocrx_word' id='word_1_72' title='bbox 1179 1323 1227 1372; x_wconf 88' lang='lat' dir='ltr'><strong>ex</strong></span> <span class='ocrx_word' id='word_1_73' title='bbox 1256 1299 1441 1375; x_wconf 88' lang='lat' dir='ltr'><strong>Chronico</strong></span> <span class='ocrx_word' id='word_1_74' title='bbox 1475 1301 1623 1376; x_wconf 90' lang='lat' dir='ltr'><strong>allatum</strong></span> <span class='ocrx_word' id='word_1_75' title='bbox 1656 1298 1721 1374; x_wconf 86' lang='lat' dir='ltr'><strong>est.</strong></span> 
     </span>
     <span class='ocr_line' id='line_1_9' title="bbox 98 1414 1722 1518; baseline 0.001 -25"><span class='ocrx_word' id='word_1_76' title='bbox 98 1414 339 1509; x_wconf 86' lang='lat' dir='ltr'><strong>„Heinricum</strong></span> <span class='ocrx_word' id='word_1_77' title='bbox 365 1415 452 1491; x_wconf 79' lang='lat' dir='ltr'><strong>vero</strong></span> <span class='ocrx_word' id='word_1_78' title='bbox 477 1438 552 1488; x_wconf 92' lang='lat' dir='ltr'><strong>non</strong></span> <span class='ocrx_word' id='word_1_79' title='bbox 580 1415 680 1490; x_wconf 79' lang='lat' dir='ltr'><strong>soille</strong></span> <span class='ocrx_word' id='word_1_80' title='bbox 710 1416 867 1513; x_wconf 90' lang='lat' dir='ltr'><strong>primum</strong></span> <span class='ocrx_word' id='word_1_81' title='bbox 898 1416 937 1492; x_wconf 91' lang='lat' dir='ltr'><strong>iu</strong></span> <span class='ocrx_word' id='word_1_82' title='bbox 963 1421 1092 1493; x_wconf 85' lang='lat' dir='ltr'>Monte</span> <span class='ocrx_word' id='word_1_83' title='bbox 1125 1418 1328 1504; x_wconf 82' lang='lat' dir='ltr'><strong>Abbatem,</strong></span> <span class='ocrx_word' id='word_1_84' title='bbox 1361 1432 1462 1514; x_wconf 88' lang='lat' dir='ltr'><strong>patet</strong></span> <span class='ocrx_word' id='word_1_85' title='bbox 1489 1442 1537 1493; x_wconf 85' lang='lat' dir='ltr'><strong>ex</strong></span> <span class='ocrx_word' id='word_1_86' title='bbox 1567 1418 1722 1518; x_wconf 88' lang='lat' dir='ltr'><strong>antiquo</strong></span> 
     </span>
     <span class='ocr_line' id='line_1_10' title="bbox 97 1533 1721 1637; baseline -0.001 -22"><span class='ocrx_word' id='word_1_87' title='bbox 97 1536 427 1632; x_wconf 75' lang='lat' dir='ltr'><strong>„Euangeliorum</strong></span> <span class='ocrx_word' id='word_1_88' title='bbox 417 1533 507 1608; x_wconf 86' lang='lat' dir='ltr'><strong>·.MS</strong></span> <span class='ocrx_word' id='word_1_89' title='bbox 535 1533 623 1610; x_wconf 87' lang='lat' dir='ltr'><strong>libro</strong></span> <span class='ocrx_word' id='word_1_90' title='bbox 649 1536 708 1612; x_wconf 85' lang='lat' dir='ltr'><strong>vbi</strong></span> <span class='ocrx_word' id='word_1_91' title='bbox 740 1538 975 1612; x_wconf 88' lang='lat' dir='ltr'><strong>inueniuntur</strong></span> <span class='ocrx_word' id='word_1_92' title='bbox 1005 1556 1066 1612; x_wconf 79' lang='lat' dir='ltr'><strong>tres</strong></span> <span class='ocrx_word' id='word_1_93' title='bbox 1085 1539 1221 1611; x_wconf 75' lang='lat' dir='ltr'><strong>Arrun</strong></span> <span class='ocrx_word' id='word_1_94' title='bbox 1242 1536 1369 1611; x_wconf 85' lang='lat' dir='ltr'><strong>ordine</strong></span> <span class='ocrx_word' id='word_1_95' title='bbox 1396 1537 1459 1613; x_wconf 87' lang='lat' dir='ltr'><strong>fibi</strong></span> <span class='ocrx_word' id='word_1_96' title='bbox 1484 1538 1721 1637; x_wconf 84' lang='lat' dir='ltr'><strong>succedentes</strong></span> 
     </span>
    </p>
   </div>
   <div class='ocr_carea' id='block_1_3' title="bbox 97 1645 1958 1780">
    <p class='ocr_par' dir='ltr' id='par_1_3' title="bbox 97 1645 1958 1780">
     <span class='ocr_line' id='line_1_11' title="bbox 97 1645 1958 1780; baseline -0.004 -47"><span class='ocrx_word' id='word_1_97' title='bbox 97 1715 119 1748; x_wconf 87' lang='lat'><strong>„</strong></span> <span class='ocrx_word' id='word_1_98' title='bbox 134 1655 265 1751; x_wconf 77' lang='lat' dir='ltr'><strong>Aturffir‘</strong></span> <span class='ocrx_word' id='word_1_99' title='bbox 290 1666 488 1751; x_wconf 78' lang='lat' dir='ltr'><strong>antequam</strong></span> <span class='ocrx_word' id='word_1_100' title='bbox 514 1652 678 1729; x_wconf 80' lang='lat' dir='ltr'><strong>isthinc</strong></span> <span class='ocrx_word' id='word_1_101' title='bbox 666 1677 705 1730; x_wconf 85' lang='lat' dir='ltr'><strong>ru</strong></span> <span class='ocrx_word' id='word_1_102' title='bbox 729 1657 894 1732; x_wconf 81' lang='lat' dir='ltr'><strong>Mentem</strong></span> <span class='ocrx_word' id='word_1_103' title='bbox 917 1657 1154 1752; x_wconf 81' lang='lat' dir='ltr'><strong>emigrarent,</strong></span> <span class='ocrx_word' id='word_1_104' title='bbox 1186 1668 1345 1772; x_wconf 83' lang='lat' dir='ltr'><strong>mortem</strong></span> <span class='ocrx_word' id='word_1_105' title='bbox 1373 1655 1512 1746; x_wconf 84' lang='lat' dir='ltr'><strong>obiisse,</strong></span> <span class='ocrx_word' id='word_1_106' title='bbox 1549 1657 1592 1733; x_wconf 75' lang='lat' dir='ltr'><strong>s.</strong></span> <span class='ocrx_word' id='word_1_107' title='bbox 1622 1645 1718 1734; x_wconf 76' lang='lat' dir='ltr'><strong>abb.</strong></span> <span class='ocrx_word' id='word_1_108' title='bbox 1867 1761 1880 1780; x_wconf 35' lang='grc' dir='ltr'><strong><em>ο</em></strong></span> <span class='ocrx_word' id='word_1_109' title='bbox 1954 1721 1958 1726; x_wconf 85' lang='grc'><strong>.</strong></span> 
     </span>
    </p>
   </div>
   <div class='ocr_carea' id='block_1_4' title="bbox 96 1771 705 1875">
    <p class='ocr_par' dir='ltr' id='par_1_4' title="bbox 96 1771 705 1875">
     <span class='ocr_line' id='line_1_12' title="bbox 96 1771 705 1875; baseline -0.016 -19"><span class='ocrx_word' id='word_1_110' title='bbox 96 1777 373 1875; x_wconf 82' lang='lat' dir='ltr'><strong>„Tom.l.pag.</strong></span> <span class='ocrx_word' id='word_1_111' title='bbox 399 1797 452 1867; x_wconf 84' lang='lat'><strong>13.</strong></span> <span class='ocrx_word' id='word_1_112' title='bbox 478 1771 593 1871; x_wconf 83' lang='lat'><strong>&amp;14</strong></span> <span class='ocrx_word' id='word_1_113' title='bbox 702 1825 705 1829; x_wconf 17' lang='lat' dir='ltr'><strong><em>Q</em></strong></span> 
     </span>
    </p>
   </div>
   <div class='ocr_carea' id='block_1_5' title="bbox 93 1956 1858 2188">
    <p class='ocr_par' dir='ltr' id='par_1_5' title="bbox 93 1956 1858 2188">
     <span class='ocr_line' id='line_1_13' title="bbox 188 1956 1858 2070; baseline 0.002 -24.106"><span class='ocrx_word' id='word_1_114' title='bbox 188 1970 394 2068; x_wconf 82' lang='lat' dir='ltr'><strong>5.,l&#39;ateor</strong></span> <span class='ocrx_word' id='word_1_115' title='bbox 426 1956 636 2046; x_wconf 64' lang='lat' dir='ltr'><strong>Austoritas</strong></span> <span class='ocrx_word' id='word_1_116' title='bbox 658 1968 822 2066; x_wconf 84' lang='lat' dir='ltr'><strong>Catalogi</strong></span> <span class='ocrx_word' id='word_1_117' title='bbox 851 1970 959 2045; x_wconf 85' lang='lat' dir='ltr'><strong>nollri</strong></span> <span class='ocrx_word' id='word_1_118' title='bbox 982 1969 1177 2068; x_wconf 87' lang='lat' dir='ltr'><strong>ancipitem</strong></span> <span class='ocrx_word' id='word_1_119' title='bbox 1195 1968 1260 2046; x_wconf 89' lang='lat' dir='ltr'><strong>diu</strong></span> <span class='ocrx_word' id='word_1_120' title='bbox 1275 1993 1336 2047; x_wconf 88' lang='lat' dir='ltr'><strong>me</strong></span> <span class='ocrx_word' id='word_1_121' title='bbox 1356 1971 1484 2046; x_wconf 90' lang='lat' dir='ltr'><strong>tenuit.</strong></span> <span class='ocrx_word' id='word_1_122' title='bbox 1531 1970 1717 2070; x_wconf 85' lang='lat' dir='ltr'><strong>Scriptum</strong></span> <span class='ocrx_word' id='word_1_123' title='bbox 1854 2035 1858 2049; x_wconf 84' lang='lat'><strong>.</strong></span> 
     </span>
     <span class='ocr_line' id='line_1_14' title="bbox 93 1996 1844 2188; baseline -0.01 -16"><span class='ocrx_word' id='word_1_124' title='bbox 93 1996 209 2174; x_wconf 84' lang='lat' dir='ltr'><strong>enim⁵</strong></span> <span class='ocrx_word' id='word_1_125' title='bbox 215 2116 301 2167; x_wconf 83' lang='lat' dir='ltr'><strong>eom</strong></span> <span class='ocrx_word' id='word_1_126' title='bbox 325 2092 395 2166; x_wconf 78' lang='lat' dir='ltr'><strong>else</strong></span> <span class='ocrx_word' id='word_1_127' title='bbox 422 2090 480 2167; x_wconf 87' lang='lat' dir='ltr'><strong>vel</strong></span> <span class='ocrx_word' id='word_1_128' title='bbox 507 2090 711 2165; x_wconf 84' lang='lat' dir='ltr'><strong>etiamnum</strong></span> <span class='ocrx_word' id='word_1_129' title='bbox 736 2091 797 2164; x_wconf 91' lang='lat' dir='ltr'><strong>sub</strong></span> <span class='ocrx_word' id='word_1_130' title='bbox 823 2089 1006 2184; x_wconf 86' lang='lat' dir='ltr'><strong>Meingoso</strong></span> <span class='ocrx_word' id='word_1_131' title='bbox 1034 2090 1197 2177; x_wconf 84' lang='lat' dir='ltr'><strong>Abbate‚</strong></span> <span class='ocrx_word' id='word_1_132' title='bbox 1229 2092 1394 2188; x_wconf 84' lang='lat' dir='ltr'><strong>adeoque</strong></span> <span class='ocrx_word' id='word_1_133' title='bbox 1415 2102 1577 2183; x_wconf 70' lang='lat' dir='ltr'><strong>exeunte</strong></span> <span class='ocrx_word' id='word_1_134' title='bbox 1600 2092 1716 2166; x_wconf 90' lang='lat' dir='ltr'><strong>Secu·</strong></span> <span class='ocrx_word' id='word_1_135' title='bbox 1841 2151 1844 2155; x_wconf 81' lang='grc'>,</span> 
     </span>
    </p>
   </div>
   <div class='ocr_carea' id='block_1_6' title="bbox 91 2207 1715 2309">
    <p class='ocr_par' dir='ltr' id='par_1_6' title="bbox 91 2207 1715 2309">
     <span class='ocr_line' id='line_1_15' title="bbox 91 2207 1715 2309; baseline -0.002 -18"><span class='ocrx_word' id='word_1_136' title='bbox 91 2215 128 2291; x_wconf 95' lang='lat' dir='ltr'><strong>lo</strong></span> <span class='ocrx_word' id='word_1_137' title='bbox 146 2215 223 2290; x_wconf 79' lang='grc' dir='ltr'><strong>ΧΗ.</strong></span> <span class='ocrx_word' id='word_1_138' title='bbox 242 2211 309 2304; x_wconf 65' lang='lat' dir='ltr'><strong>rel</strong></span> <span class='ocrx_word' id='word_1_139' title='bbox 331 2209 392 2287; x_wconf 92' lang='lat' dir='ltr'><strong>sub</strong></span> <span class='ocrx_word' id='word_1_140' title='bbox 411 2210 537 2309; x_wconf 90' lang='lat' dir='ltr'><strong>primis</strong></span> <span class='ocrx_word' id='word_1_141' title='bbox 567 2208 689 2284; x_wconf 85' lang='lat' dir='ltr'><strong>Annis</strong></span> <span class='ocrx_word' id='word_1_142' title='bbox 716 2207 929 2284; x_wconf 85' lang='lat' dir='ltr'><strong>Berclrtoldi</strong></span> <span class='ocrx_word' id='word_1_143' title='bbox 949 2208 1120 2296; x_wconf 74' lang='lat' dir='ltr'><strong>notatis,</strong></span> <span class='ocrx_word' id='word_1_144' title='bbox 1151 2210 1315 2306; x_wconf 90' lang='lat' dir='ltr'><strong>adeoque</strong></span> <span class='ocrx_word' id='word_1_145' title='bbox 1341 2208 1446 2283; x_wconf 90' lang='lat' dir='ltr'><strong>initio</strong></span> <span class='ocrx_word' id='word_1_146' title='bbox 1473 2209 1594 2285; x_wconf 88' lang='lat' dir='ltr'><strong>Seculi</strong></span> <span class='ocrx_word' id='word_1_147' title='bbox 1621 2209 1715 2289; x_wconf 79' lang='lat' dir='ltr'><strong>Xlll.</strong></span> 
     </span>
    </p>
   </div>
   <div class='ocr_carea' id='block_1_7' title="bbox 90 2327 1871 2434">
    <p class='ocr_par' dir='ltr' id='par_1_7' title="bbox 90 2327 1871 2434">
     <span class='ocr_line' id='line_1_16' title="bbox 90 2327 1871 2434; baseline -0.003 -24"><span class='ocrx_word' id='word_1_148' title='bbox 90 2335 209 2434; x_wconf 86' lang='lat' dir='ltr'><strong>palam</strong></span> <span class='ocrx_word' id='word_1_149' title='bbox 229 2332 280 2406; x_wconf 84' lang='lat' dir='ltr'><strong>est</strong></span> <span class='ocrx_word' id='word_1_150' title='bbox 303 2354 352 2405; x_wconf 89' lang='lat' dir='ltr'><strong>ex</strong></span> <span class='ocrx_word' id='word_1_151' title='bbox 372 2329 582 2425; x_wconf 86' lang='lat' dir='ltr'><strong>Biograpbo</strong></span> <span class='ocrx_word' id='word_1_152' title='bbox 603 2327 712 2425; x_wconf 83' lang='lat' dir='ltr'><strong>hujus</strong></span> <span class='ocrx_word' id='word_1_153' title='bbox 734 2329 904 2412; x_wconf 85' lang='lat' dir='ltr'><strong>Abbatis,</strong></span> <span class='ocrx_word' id='word_1_154' title='bbox 929 2327 992 2424; x_wconf 91' lang='lat' dir='ltr'><strong>qui</strong></span> <span class='ocrx_word' id='word_1_155' title='bbox 1012 2328 1087 2423; x_wconf 80' lang='lat' dir='ltr'><strong>jam</strong></span> <span class='ocrx_word' id='word_1_156' title='bbox 1105 2333 1198 2414; x_wconf 76' lang='lat' dir='ltr'><strong>alios,</strong></span> <span class='ocrx_word' id='word_1_157' title='bbox 1223 2327 1351 2426; x_wconf 93' lang='lat' dir='ltr'><strong>quide</strong></span> <span class='ocrx_word' id='word_1_158' title='bbox 1371 2327 1583 2404; x_wconf 73' lang='lat' dir='ltr'><strong>Restoribus</strong></span> <span class='ocrx_word' id='word_1_159' title='bbox 1602 2327 1717 2425; x_wconf 81' lang='lat' dir='ltr'><strong>hujus</strong></span> <span class='ocrx_word' id='word_1_160' title='bbox 1868 2410 1871 2417; x_wconf 70' lang='grc'><strong>,</strong></span> 
     </span>
    </p>
   </div>
   <div class='ocr_carea' id='block_1_8' title="bbox 85 2446 1715 3390">
    <p class='ocr_par' dir='ltr' id='par_1_8' title="bbox 85 2446 1715 3390">
     <span class='ocr_line' id='line_1_17' title="bbox 89 2446 1715 2549; baseline -0.004 -18"><span class='ocrx_word' id='word_1_161' title='bbox 89 2450 297 2531; x_wconf 81' lang='lat' dir='ltr'><strong>Monasterii</strong></span> <span class='ocrx_word' id='word_1_162' title='bbox 321 2449 440 2549; x_wconf 86' lang='lat' dir='ltr'><strong>aliqua</strong></span> <span class='ocrx_word' id='word_1_163' title='bbox 463 2446 683 2544; x_wconf 75' lang='lat' dir='ltr'><strong>scripsissent,</strong></span> <span class='ocrx_word' id='word_1_164' title='bbox 707 2449 743 2523; x_wconf 90' lang='lat' dir='ltr'><strong>se</strong></span> <span class='ocrx_word' id='word_1_165' title='bbox 762 2447 926 2543; x_wconf 68' lang='lat' dir='ltr'><strong>reperisse</strong></span> <span class='ocrx_word' id='word_1_166' title='bbox 945 2446 1047 2522; x_wconf 91' lang='lat' dir='ltr'><strong>dicit.</strong></span> <span class='ocrx_word' id='word_1_167' title='bbox 1093 2447 1242 2522; x_wconf 88' lang='lat' dir='ltr'><strong>Interim</strong></span> <span class='ocrx_word' id='word_1_168' title='bbox 1259 2469 1372 2545; x_wconf 92' lang='lat' dir='ltr'><strong>quum</strong></span> <span class='ocrx_word' id='word_1_169' title='bbox 1392 2448 1432 2521; x_wconf 88' lang='lat' dir='ltr'><strong>in</strong></span> <span class='ocrx_word' id='word_1_170' title='bbox 1454 2446 1624 2525; x_wconf 78' lang='lat' dir='ltr'><strong>omnbus</strong></span> <span class='ocrx_word' id='word_1_171' title='bbox 1647 2448 1715 2524; x_wconf 88' lang='lat' dir='ltr'><strong>Di·</strong></span> 
     </span>
     <span class='ocr_line' id='line_1_18' title="bbox 88 2565 1711 2671; baseline -0.001 -24"><span class='ocrx_word' id='word_1_172' title='bbox 88 2574 244 2671; x_wconf 85' lang='lat' dir='ltr'><strong>sciplinis</strong></span> <span class='ocrx_word' id='word_1_173' title='bbox 269 2593 314 2647; x_wconf 86' lang='lat' dir='ltr'><strong>ea</strong></span> <span class='ocrx_word' id='word_1_174' title='bbox 328 2568 611 2644; x_wconf 86' lang='lat' dir='ltr'><strong>fundamentalis</strong></span> <span class='ocrx_word' id='word_1_175' title='bbox 627 2567 768 2663; x_wconf 85' lang='lat' dir='ltr'><strong>Regula</strong></span> <span class='ocrx_word' id='word_1_176' title='bbox 787 2565 848 2655; x_wconf 79' lang='lat' dir='ltr'><strong>fit,</strong></span> <span class='ocrx_word' id='word_1_177' title='bbox 871 2579 911 2644; x_wconf 83' lang='lat' dir='ltr'><strong>vt</strong></span> <span class='ocrx_word' id='word_1_178' title='bbox 935 2591 983 2642; x_wconf 87' lang='lat' dir='ltr'><strong>ex</strong></span> <span class='ocrx_word' id='word_1_179' title='bbox 1005 2567 1114 2642; x_wconf 89' lang='lat' dir='ltr'><strong>certis</strong></span> <span class='ocrx_word' id='word_1_180' title='bbox 1132 2568 1243 2642; x_wconf 88' lang='lat' dir='ltr'><strong>dubia</strong></span> <span class='ocrx_word' id='word_1_181' title='bbox 1261 2566 1560 2663; x_wconf 85' lang='lat' dir='ltr'><strong>interpretemur,</strong></span> <span class='ocrx_word' id='word_1_182' title='bbox 1587 2571 1625 2646; x_wconf 77' lang='lat' dir='ltr'><strong>dr</strong></span> <span class='ocrx_word' id='word_1_183' title='bbox 1645 2567 1711 2668; x_wconf 87' lang='lat' dir='ltr'><strong>qui</strong></span> 
     </span>
     <span class='ocr_line' id='line_1_19' title="bbox 89 2668 1711 2792; baseline -0.003 -22"><span class='ocrx_word' id='word_1_184' title='bbox 89 2694 271 2792; x_wconf 78' lang='lat' dir='ltr'><strong>propiores</strong></span> <span class='ocrx_word' id='word_1_185' title='bbox 292 2668 394 2766; x_wconf 82' lang='lat' dir='ltr'><strong>suere</strong></span> <span class='ocrx_word' id='word_1_186' title='bbox 417 2688 606 2784; x_wconf 80' lang='lat' dir='ltr'><strong>scriptores</strong></span> <span class='ocrx_word' id='word_1_187' title='bbox 625 2687 750 2772; x_wconf 69' lang='lat' dir='ltr'><strong>sadis,</strong></span> <span class='ocrx_word' id='word_1_188' title='bbox 782 2687 1038 2762; x_wconf 85' lang='lat' dir='ltr'><strong>anteferendos</strong></span> <span class='ocrx_word' id='word_1_189' title='bbox 1055 2686 1128 2760; x_wconf 87' lang='lat' dir='ltr'><strong>esse</strong></span> <span class='ocrx_word' id='word_1_190' title='bbox 1152 2686 1230 2772; x_wconf 89' lang='lat' dir='ltr'><strong>his,</strong></span> <span class='ocrx_word' id='word_1_191' title='bbox 1261 2685 1323 2783; x_wconf 91' lang='lat' dir='ltr'><strong>qui</strong></span> <span class='ocrx_word' id='word_1_192' title='bbox 1345 2687 1562 2763; x_wconf 79' lang='lat' dir='ltr'><strong>remotiores</strong></span> <span class='ocrx_word' id='word_1_193' title='bbox 1585 2689 1711 2765; x_wconf 76' lang='lat' dir='ltr'><strong>fuere:</strong></span> 
     </span>
     <span class='ocr_line' id='line_1_20' title="bbox 87 2805 1712 2916; baseline -0.001 -30"><span class='ocrx_word' id='word_1_194' title='bbox 87 2813 209 2910; x_wconf 91' lang='lat' dir='ltr'><strong>potius</strong></span> <span class='ocrx_word' id='word_1_195' title='bbox 229 2809 490 2904; x_wconf 83' lang='lat' dir='ltr'><strong>adsurgendum</strong></span> <span class='ocrx_word' id='word_1_196' title='bbox 509 2810 604 2882; x_wconf 91' lang='lat' dir='ltr'><strong>duco</strong></span> <span class='ocrx_word' id='word_1_197' title='bbox 629 2805 736 2881; x_wconf 84' lang='lat' dir='ltr'><strong>Vitae</strong></span> <span class='ocrx_word' id='word_1_198' title='bbox 766 2805 888 2881; x_wconf 79' lang='lat' dir='ltr'><strong>Sansti</strong></span> <span class='ocrx_word' id='word_1_199' title='bbox 903 2805 1052 2883; x_wconf 86' lang='lat' dir='ltr'><strong>Altonis</strong></span> <span class='ocrx_word' id='word_1_200' title='bbox 1066 2805 1239 2900; x_wconf 87' lang='lat' dir='ltr'><strong>Scriptori</strong></span> <span class='ocrx_word' id='word_1_201' title='bbox 1264 2827 1420 2892; x_wconf 82' lang='lat' dir='ltr'><strong>maeno,</strong></span> <span class='ocrx_word' id='word_1_202' title='bbox 1444 2820 1555 2916; x_wconf 79' lang='lat' dir='ltr'><strong>atque</strong></span> <span class='ocrx_word' id='word_1_203' title='bbox 1580 2806 1712 2884; x_wconf 78' lang='lat' dir='ltr'><strong>Archi·</strong></span> 
     </span>
     <span class='ocr_line' id='line_1_21' title="bbox 86 2923 1711 3024; baseline -0.003 -15"><span class='ocrx_word' id='word_1_204' title='bbox 86 2933 136 3009; x_wconf 80' lang='lat' dir='ltr'><strong>rii</strong></span> <span class='ocrx_word' id='word_1_205' title='bbox 158 2930 289 3006; x_wconf 85' lang='lat' dir='ltr'><strong>Schaff</strong></span> <span class='ocrx_word' id='word_1_206' title='bbox 290 2926 414 3003; x_wconf 75' lang='lat' dir='ltr'><strong>bubni</strong></span> <span class='ocrx_word' id='word_1_207' title='bbox 434 2925 591 3009; x_wconf 86' lang='lat' dir='ltr'><strong>tabulis,</strong></span> <span class='ocrx_word' id='word_1_208' title='bbox 612 2949 723 3024; x_wconf 92' lang='lat' dir='ltr'><strong>quam</strong></span> <span class='ocrx_word' id='word_1_209' title='bbox 745 2923 930 3000; x_wconf 85' lang='lat' dir='ltr'><strong>Monacho</strong></span> <span class='ocrx_word' id='word_1_210' title='bbox 949 2924 1025 3021; x_wconf 88' lang='lat' dir='ltr'><strong>post</strong></span> <span class='ocrx_word' id='word_1_211' title='bbox 1041 2946 1158 2998; x_wconf 90' lang='lat' dir='ltr'><strong>annos</strong></span> <span class='ocrx_word' id='word_1_212' title='bbox 1181 2934 1330 3001; x_wconf 87' lang='lat' dir='ltr'><strong>centum</strong></span> <span class='ocrx_word' id='word_1_213' title='bbox 1345 2925 1607 3022; x_wconf 86' lang='lat' dir='ltr'><strong>quinquaginta</strong></span> <span class='ocrx_word' id='word_1_214' title='bbox 1624 2951 1711 3004; x_wconf 83' lang='lat' dir='ltr'><strong>nar·</strong></span> 
     </span>
     <span class='ocr_line' id='line_1_22' title="bbox 85 3031 1710 3147; baseline -0.001 -20"><span class='ocrx_word' id='word_1_215' title='bbox 85 3052 207 3138; x_wconf 82' lang='lat' dir='ltr'><strong>tanti,</strong></span> <span class='ocrx_word' id='word_1_216' title='bbox 235 3047 505 3147; x_wconf 70' lang='lat' dir='ltr'><strong>quae.quidem</strong></span> <span class='ocrx_word' id='word_1_217' title='bbox 533 3044 709 3120; x_wconf 77' lang='lat' dir='ltr'><strong>relatione</strong></span> <span class='ocrx_word' id='word_1_218' title='bbox 734 3044 888 3118; x_wconf 87' lang='lat' dir='ltr'><strong>aliorum</strong></span> <span class='ocrx_word' id='word_1_219' title='bbox 917 3031 992 3118; x_wconf 81' lang='lat' dir='ltr'><strong>fere</strong></span> <span class='ocrx_word' id='word_1_220' title='bbox 1013 3044 1150 3140; x_wconf 89' lang='lat' dir='ltr'><strong>semper</strong></span> <span class='ocrx_word' id='word_1_221' title='bbox 1171 3043 1298 3128; x_wconf 84' lang='lat' dir='ltr'><strong>dubia,</strong></span> <span class='ocrx_word' id='word_1_222' title='bbox 1331 3043 1515 3119; x_wconf 81' lang='lat' dir='ltr'><strong>audierat:</strong></span> <span class='ocrx_word' id='word_1_223' title='bbox 1552 3043 1710 3143; x_wconf 80' lang='lat' dir='ltr'><strong>ipsemet</strong></span> 
     </span>
     <span class='ocr_line' id='line_1_23' title="bbox 87 3160 1711 3265; baseline -0.003 -19"><span class='ocrx_word' id='word_1_224' title='bbox 87 3185 211 3246; x_wconf 83' lang='lat' dir='ltr'><strong>autern</strong></span> <span class='ocrx_word' id='word_1_225' title='bbox 229 3168 418 3265; x_wconf 88' lang='lat' dir='ltr'><strong>propriis</strong></span> <span class='ocrx_word' id='word_1_226' title='bbox 402 3166 495 3240; x_wconf 87' lang='lat' dir='ltr'><strong>haut</strong></span> <span class='ocrx_word' id='word_1_227' title='bbox 519 3164 665 3259; x_wconf 81' lang='lat' dir='ltr'><strong>viderat·</strong></span> <span class='ocrx_word' id='word_1_228' title='bbox 679 3163 816 3245; x_wconf 86' lang='lat' dir='ltr'><strong>oculis·</strong></span> <span class='ocrx_word' id='word_1_229' title='bbox 848 3186 915 3237; x_wconf 89' lang='lat' dir='ltr'><strong>nec</strong></span> <span class='ocrx_word' id='word_1_230' title='bbox 932 3160 1099 3237; x_wconf 87' lang='lat' dir='ltr'><strong>hauserat</strong></span> <span class='ocrx_word' id='word_1_231' title='bbox 1120 3161 1397 3239; x_wconf 82' lang='lat' dir='ltr'><strong>Anteoellorum</strong></span> <span class='ocrx_word' id='word_1_232' title='bbox 1421 3163 1562 3241; x_wconf 89' lang='lat' dir='ltr'><strong>suorum</strong></span> <span class='ocrx_word' id='word_1_233' title='bbox 1577 3166 1711 3264; x_wconf 74' lang='lat' dir='ltr'><strong>firipttr</strong></span> 
     </span>
     <span class='ocr_line' id='line_1_24' title="bbox 85 3264 1707 3390; baseline -0.001 -26"><span class='ocrx_word' id='word_1_234' title='bbox 85 3314 179 3390; x_wconf 86' lang='lat' dir='ltr'><strong>qnae</strong></span> <span class='ocrx_word' id='word_1_235' title='bbox 198 3288 300 3364; x_wconf 86' lang='lat' dir='ltr'><strong>oolla</strong></span> <span class='ocrx_word' id='word_1_236' title='bbox 320 3309 479 3384; x_wconf 81' lang='lat' dir='ltr'><strong>mquam</strong></span> <span class='ocrx_word' id='word_1_237' title='bbox 502 3264 668 3360; x_wconf 63' lang='lat' dir='ltr'><strong>addnr&#39;tit.</strong></span> <span class='ocrx_word' id='word_1_238' title='bbox 719 3280 964 3362; x_wconf 83' lang='lat' dir='ltr'><strong>Videbimus</strong></span> <span class='ocrx_word' id='word_1_239' title='bbox 952 3301 992 3353; x_wconf 89' lang='lat' dir='ltr'><strong>m</strong></span> <span class='ocrx_word' id='word_1_240' title='bbox 1008 3279 1239 3380; x_wconf 81' lang='lat' dir='ltr'><strong>sequentibus</strong></span> <span class='ocrx_word' id='word_1_241' title='bbox 1255 3280 1369 3360; x_wconf 88' lang='lat' dir='ltr'><strong>etiam</strong></span> <span class='ocrx_word' id='word_1_242' title='bbox 1395 3284 1601 3362; x_wconf 81' lang='lat' dir='ltr'><strong>Abbatibus</strong></span> <span class='ocrx_word' id='word_1_243' title='bbox 1616 3308 1707 3363; x_wconf 88' lang='lat' dir='ltr'><strong>eum</strong></span> 
     </span>
    </p>
   </div>
   <div class='ocr_carea' id='block_1_9' title="bbox 86 3398 961 3508">
    <p class='ocr_par' dir='ltr' id='par_1_9' title="bbox 86 3398 961 3508">
     <span class='ocr_line' id='line_1_25' title="bbox 86 3398 961 3508; baseline -0.014 -23"><span class='ocrx_word' id='word_1_244' title='bbox 86 3407 283 3508; x_wconf 81' lang='lat' dir='ltr'><strong>cespitasse,</strong></span> <span class='ocrx_word' id='word_1_245' title='bbox 308 3406 439 3505; x_wconf 87' lang='lat' dir='ltr'><strong>quibus</strong></span> <span class='ocrx_word' id='word_1_246' title='bbox 456 3417 582 3478; x_wconf 88' lang='lat' dir='ltr'><strong>tameo</strong></span> <span class='ocrx_word' id='word_1_247' title='bbox 614 3401 757 3506; x_wconf 83' lang='lat' dir='ltr'><strong>propior</strong></span> <span class='ocrx_word' id='word_1_248' title='bbox 785 3398 961 3476; x_wconf 78' lang='lat' dir='ltr'><strong>connixit.</strong></span> 
     </span>
    </p>
   </div>
   <div class='ocr_carea' id='block_1_10' title="bbox 32 3541 1796 4292">
    <p class='ocr_par' dir='ltr' id='par_1_10' title="bbox 32 3541 1796 4292">
     <span class='ocr_line' id='line_1_26' title="bbox 178 3541 1709 3731; baseline -0.003 -52"><span class='ocrx_word' id='word_1_249' title='bbox 178 3607 217 3679; x_wconf 84' lang='grc' dir='ltr'><strong>ό.</strong></span> <span class='ocrx_word' id='word_1_250' title='bbox 240 3598 395 3675; x_wconf 86' lang='lat' dir='ltr'><strong>Minoris</strong></span> <span class='ocrx_word' id='word_1_251' title='bbox 414 3595 591 3672; x_wconf 86' lang='lat' dir='ltr'><strong>Ponderis</strong></span> <span class='ocrx_word' id='word_1_252' title='bbox 612 3593 663 3670; x_wconf 84' lang='lat' dir='ltr'><strong>est</strong></span> <span class='ocrx_word' id='word_1_253' title='bbox 685 3593 775 3668; x_wconf 89' lang='lat' dir='ltr'><strong>illud</strong></span> <span class='ocrx_word' id='word_1_254' title='bbox 790 3596 841 3670; x_wconf 94' lang='grc' dir='ltr'><strong>Μ.</strong></span> <span class='ocrx_word' id='word_1_255' title='bbox 857 3594 923 3670; x_wconf 92' lang='lat' dir='ltr'><strong>S.</strong></span> <span class='ocrx_word' id='word_1_256' title='bbox 911 3617 950 3669; x_wconf 87' lang='lat' dir='ltr'><strong>ro</strong></span> <span class='ocrx_word' id='word_1_257' title='bbox 972 3593 1080 3670; x_wconf 90' lang='lat' dir='ltr'><strong>Libro</strong></span> <span class='ocrx_word' id='word_1_258' title='bbox 1094 3541 1377 3690; x_wconf 78' lang='lat' dir='ltr'><strong>Enaogebonrm</strong></span> <span class='ocrx_word' id='word_1_259' title='bbox 1394 3596 1709 3731; x_wconf 80' lang='lat' dir='ltr'><strong>comprehensum,</strong></span> 
     </span>
     <span class='ocr_line' id='line_1_27' title="bbox 82 3713 1711 3821; baseline -0.004 -21"><span class='ocrx_word' id='word_1_260' title='bbox 82 3732 124 3800; x_wconf 81' lang='lat' dir='ltr'><strong>vt</strong></span> <span class='ocrx_word' id='word_1_261' title='bbox 140 3717 281 3819; x_wconf 74' lang='lat' dir='ltr'><strong>prorsus</strong></span> <span class='ocrx_word' id='word_1_262' title='bbox 299 3717 538 3821; x_wconf 82' lang='lat' dir='ltr'><strong>admiratione</strong></span> <span class='ocrx_word' id='word_1_263' title='bbox 558 3713 768 3790; x_wconf 88' lang='lat' dir='ltr'><strong>vehementi</strong></span> <span class='ocrx_word' id='word_1_264' title='bbox 789 3715 894 3809; x_wconf 86' lang='lat' dir='ltr'><strong>agar,</strong></span> <span class='ocrx_word' id='word_1_265' title='bbox 916 3736 987 3812; x_wconf 87' lang='lat' dir='ltr'><strong>qua</strong></span> <span class='ocrx_word' id='word_1_266' title='bbox 1004 3713 1147 3788; x_wconf 86' lang='lat' dir='ltr'><strong>ratione</strong></span> <span class='ocrx_word' id='word_1_267' title='bbox 1166 3724 1311 3790; x_wconf 87' lang='lat' dir='ltr'><strong>tantum</strong></span> <span class='ocrx_word' id='word_1_268' title='bbox 1335 3713 1570 3812; x_wconf 85' lang='lat' dir='ltr'><strong>scrupulum</strong></span> <span class='ocrx_word' id='word_1_269' title='bbox 1557 3717 1711 3793; x_wconf 57' lang='lat' dir='ltr'><strong>minere</strong></span> 
     </span>
     <span class='ocr_line' id='line_1_28' title="bbox 82 3826 1711 3937; baseline -0.004 -18"><span class='ocrx_word' id='word_1_270' title='bbox 82 3842 170 3920; x_wconf 82' lang='lat' dir='ltr'><strong>Vtro</strong></span> <span class='ocrx_word' id='word_1_271' title='bbox 178 3837 470 3937; x_wconf 78' lang='lat' dir='ltr'><strong>perspicacissimo</strong></span> <span class='ocrx_word' id='word_1_272' title='bbox 486 3832 654 3933; x_wconf 84' lang='lat' dir='ltr'><strong>potuerit,</strong></span> <span class='ocrx_word' id='word_1_273' title='bbox 674 3847 715 3908; x_wconf 84' lang='lat' dir='ltr'><strong>vt</strong></span> <span class='ocrx_word' id='word_1_274' title='bbox 730 3826 939 3921; x_wconf 84' lang='lat' dir='ltr'><strong>veritatem,</strong></span> <span class='ocrx_word' id='word_1_275' title='bbox 957 3855 1065 3930; x_wconf 90' lang='lat' dir='ltr'><strong>quam</strong></span> <span class='ocrx_word' id='word_1_276' title='bbox 1078 3842 1230 3929; x_wconf 68' lang='lat' dir='ltr'><strong>utroque</strong></span> <span class='ocrx_word' id='word_1_277' title='bbox 1242 3831 1317 3926; x_wconf 79' lang='lat' dir='ltr'><strong>jam</strong></span> <span class='ocrx_word' id='word_1_278' title='bbox 1332 3833 1477 3910; x_wconf 88' lang='lat' dir='ltr'><strong>brachio</strong></span> <span class='ocrx_word' id='word_1_279' title='bbox 1494 3837 1711 3932; x_wconf 78' lang='lat' dir='ltr'><strong>complexus</strong></span> 
     </span>
     <span class='ocr_line' id='line_1_29' title="bbox 83 3951 1796 4052; baseline -0.004 -16"><span class='ocrx_word' id='word_1_280' title='bbox 83 3961 219 4045; x_wconf 86' lang='lat' dir='ltr'><strong>suerat,</strong></span> <span class='ocrx_word' id='word_1_281' title='bbox 244 3957 339 4037; x_wconf 87' lang='lat' dir='ltr'><strong>elabi</strong></span> <span class='ocrx_word' id='word_1_282' title='bbox 356 3955 476 4033; x_wconf 86' lang='lat' dir='ltr'><strong>rursus</strong></span> <span class='ocrx_word' id='word_1_283' title='bbox 490 3966 678 4052; x_wconf 84' lang='lat' dir='ltr'><strong>pateretur.</strong></span> <span class='ocrx_word' id='word_1_284' title='bbox 726 3952 911 4049; x_wconf 81' lang='lat' dir='ltr'><strong>Scriptum</strong></span> <span class='ocrx_word' id='word_1_285' title='bbox 931 3952 981 4027; x_wconf 84' lang='lat' dir='ltr'><strong>est</strong></span> <span class='ocrx_word' id='word_1_286' title='bbox 1001 3951 1103 4027; x_wconf 89' lang='lat' dir='ltr'><strong>enim</strong></span> <span class='ocrx_word' id='word_1_287' title='bbox 1122 3963 1296 4045; x_wconf 83' lang='lat' dir='ltr'><strong>vergente</strong></span> <span class='ocrx_word' id='word_1_288' title='bbox 1314 3952 1464 4029; x_wconf 88' lang='lat' dir='ltr'><strong>demum</strong></span> <span class='ocrx_word' id='word_1_289' title='bbox 1480 3954 1614 4031; x_wconf 69' lang='lat' dir='ltr'><strong>Sermo</strong></span> <span class='ocrx_word' id='word_1_290' title='bbox 1634 3970 1709 4032; x_wconf 87' lang='lat' dir='ltr'><strong>ter·</strong></span> <span class='ocrx_word' id='word_1_291' title='bbox 1790 4037 1796 4048; x_wconf 61' lang='grc'><strong>,</strong></span> 
     </span>
     <span class='ocr_line' id='line_1_30' title="bbox 32 4057 1705 4170; baseline -0.008 -14"><span class='ocrx_word' id='word_1_292' title='bbox 32 4068 37 4077; x_wconf 60' lang='grc'>’</span> <span class='ocrx_word' id='word_1_293' title='bbox 83 4083 140 4166; x_wconf 75' lang='lat' dir='ltr'><strong>tio,</strong></span> <span class='ocrx_word' id='word_1_294' title='bbox 151 4079 306 4157; x_wconf 87' lang='lat' dir='ltr'><strong>decimo.</strong></span> <span class='ocrx_word' id='word_1_295' title='bbox 353 4078 507 4159; x_wconf 62' lang='lat' dir='ltr'><strong>duston</strong></span> <span class='ocrx_word' id='word_1_296' title='bbox 527 4086 566 4147; x_wconf 88' lang='lat' dir='ltr'><strong>vt</strong></span> <span class='ocrx_word' id='word_1_297' title='bbox 586 4057 787 4166; x_wconf 85' lang='lat' dir='ltr'><strong>inspicienti</strong></span> <span class='ocrx_word' id='word_1_298' title='bbox 812 4070 966 4170; x_wconf 87' lang='lat' dir='ltr'><strong>patebit,</strong></span> <span class='ocrx_word' id='word_1_299' title='bbox 990 4095 1117 4167; x_wconf 89' lang='lat' dir='ltr'><strong>parum</strong></span> <span class='ocrx_word' id='word_1_300' title='bbox 1145 4071 1184 4147; x_wconf 89' lang='lat' dir='ltr'><strong>in</strong></span> <span class='ocrx_word' id='word_1_301' title='bbox 1204 4058 1572 4152; x_wconf 77' lang='lat' dir='ltr'><strong>Historiadomestica</strong></span> <span class='ocrx_word' id='word_1_302' title='bbox 1586 4075 1705 4156; x_wconf 71' lang='lat' dir='ltr'><strong>versa·</strong></span> 
     </span>
     <span class='ocr_line' id='line_1_31' title="bbox 80 4189 1396 4292; baseline -0.008 -13"><span class='ocrx_word' id='word_1_303' title='bbox 80 4212 141 4278; x_wconf 90' lang='lat' dir='ltr'><strong>tus</strong></span> <span class='ocrx_word' id='word_1_304' title='bbox 163 4211 261 4287; x_wconf 87' lang='lat' dir='ltr'><strong>erat,</strong></span> <span class='ocrx_word' id='word_1_305' title='bbox 290 4195 501 4292; x_wconf 85' lang='lat' dir='ltr'><strong>miscuitque</strong></span> <span class='ocrx_word' id='word_1_306' title='bbox 522 4191 699 4291; x_wconf 84' lang='lat' dir='ltr'><strong>quadrata</strong></span> <span class='ocrx_word' id='word_1_307' title='bbox 718 4193 888 4266; x_wconf 82' lang='lat' dir='ltr'><strong>rotundis</strong></span> <span class='ocrx_word' id='word_1_308' title='bbox 911 4192 958 4266; x_wconf 81' lang='lat' dir='ltr'><strong>ad</strong></span> <span class='ocrx_word' id='word_1_309' title='bbox 978 4191 1135 4290; x_wconf 82' lang='lat' dir='ltr'><strong>llpicem</strong></span> <span class='ocrx_word' id='word_1_310' title='bbox 1153 4190 1201 4265; x_wconf 86' lang='lat' dir='ltr'><strong>src</strong></span> <span class='ocrx_word' id='word_1_311' title='bbox 1223 4189 1396 4288; x_wconf 87' lang='lat' dir='ltr'><strong>loquitur.</strong></span> 
     </span>
    </p>
   </div>
   <div class='ocr_carea' id='block_1_11' title="bbox 76 4364 1707 4835">
    <p class='ocr_par' dir='ltr' id='par_1_11' title="bbox 76 4364 1707 4835">
     <span class='ocr_line' id='line_1_32' title="bbox 76 4364 1706 4485; baseline -0.002 -14"><span class='ocrx_word' id='word_1_312' title='bbox 76 4426 80 4431; x_wconf 95' lang='lat'>·</span> <span class='ocrx_word' id='word_1_313' title='bbox 172 4396 314 4472; x_wconf 86' lang='lat' dir='ltr'><strong>Notum</strong></span> <span class='ocrx_word' id='word_1_314' title='bbox 353 4389 378 4465; x_wconf 93' lang='lat' dir='ltr'><strong>s</strong></span> <span class='ocrx_word' id='word_1_315' title='bbox 379 4364 397 4466; x_wconf 77' lang='lat' dir='ltr'><strong>t</strong></span> <span class='ocrx_word' id='word_1_316' title='bbox 427 4386 599 4476; x_wconf 86' lang='lat' dir='ltr'><strong>omnibus</strong></span> <span class='ocrx_word' id='word_1_317' title='bbox 633 4383 819 4460; x_wconf 85' lang='lat' dir='ltr'><strong>Fidelibus</strong></span> <span class='ocrx_word' id='word_1_318' title='bbox 849 4382 1081 4473; x_wconf 83' lang='lat' dir='ltr'><strong>Christianis,</strong></span> <span class='ocrx_word' id='word_1_319' title='bbox 1116 4386 1214 4481; x_wconf 92' lang='lat' dir='ltr'><strong>quod</strong></span> <span class='ocrx_word' id='word_1_320' title='bbox 1236 4384 1386 4480; x_wconf 86' lang='lat' dir='ltr'><strong>quidam</strong></span> <span class='ocrx_word' id='word_1_321' title='bbox 1407 4408 1456 4460; x_wconf 78' lang='lat' dir='ltr'><strong>ex</strong></span> <span class='ocrx_word' id='word_1_322' title='bbox 1474 4373 1706 4485; x_wconf 79' lang='lat' dir='ltr'><strong>Principibus</strong></span> 
     </span>
     <span class='ocr_line' id='line_1_33' title="bbox 80 4501 1704 4602; baseline -0.01 -8"><span class='ocrx_word' id='word_1_323' title='bbox 80 4515 210 4594; x_wconf 77' lang='lat' dir='ltr'><strong>nostris</strong></span> <span class='ocrx_word' id='word_1_324' title='bbox 228 4512 396 4588; x_wconf 67' lang='lat' dir='ltr'><strong>trem</strong></span> <span class='ocrx_word' id='word_1_325' title='bbox 422 4509 593 4591; x_wconf 87' lang='lat' dir='ltr'><strong>nomine</strong></span> <span class='ocrx_word' id='word_1_326' title='bbox 633 4501 741 4579; x_wconf 84' lang='lat' dir='ltr'><strong>Pater</strong></span> <span class='ocrx_word' id='word_1_327' title='bbox 767 4503 900 4579; x_wconf 75' lang='lat' dir='ltr'><strong>scilicet</strong></span> <span class='ocrx_word' id='word_1_328' title='bbox 929 4507 966 4578; x_wconf 89' lang='lat' dir='ltr'><strong>S</strong></span> <span class='ocrx_word' id='word_1_329' title='bbox 996 4508 1145 4579; x_wconf 78' lang='lat' dir='ltr'><strong>Cbnradr&#39;</strong></span> <span class='ocrx_word' id='word_1_330' title='bbox 1177 4501 1342 4602; x_wconf 79' lang='lat' dir='ltr'><strong>Episcopi</strong></span> <span class='ocrx_word' id='word_1_331' title='bbox 1375 4525 1459 4579; x_wconf 89' lang='lat' dir='ltr'><strong>cum</strong></span> <span class='ocrx_word' id='word_1_332' title='bbox 1489 4505 1611 4584; x_wconf 80' lang='lat' dir='ltr'><strong>onre</strong></span> <span class='ocrx_word' id='word_1_333' title='bbox 1642 4507 1704 4585; x_wconf 77' lang='lat' dir='ltr'><strong>suo</strong></span> 
     </span>
     <span class='ocr_line' id='line_1_34' title="bbox 82 4619 1707 4835; baseline -0.008 -125"><span class='ocrx_word' id='word_1_334' title='bbox 82 4637 178 4710; x_wconf 68' lang='lat' dir='ltr'><strong>&amp;aaa</strong></span> <span class='ocrx_word' id='word_1_335' title='bbox 197 4629 368 4712; x_wconf 57' lang='lat' dir='ltr'><strong>numium</strong></span> <span class='ocrx_word' id='word_1_336' title='bbox 397 4627 439 4705; x_wconf 83' lang='lat' dir='ltr'><strong>dc</strong></span> <span class='ocrx_word' id='word_1_337' title='bbox 461 4625 562 4702; x_wconf 73' lang='lat' dir='ltr'><strong>siliis</strong></span> <span class='ocrx_word' id='word_1_338' title='bbox 588 4625 660 4702; x_wconf 83' lang='lat' dir='ltr'><strong>suis</strong></span> <span class='ocrx_word' id='word_1_339' title='bbox 682 4621 938 4740; x_wconf 49' lang='lat' dir='ltr'><strong>nrurcoucs)</strong></span> <span class='ocrx_word' id='word_1_340' title='bbox 911 4741 944 4818; x_wconf 75' lang='lat' dir='ltr'>c</span> <span class='ocrx_word' id='word_1_341' title='bbox 919 4620 1014 4835; x_wconf 60' lang='lat' dir='ltr'><strong>);sr</strong></span> <span class='ocrx_word' id='word_1_342' title='bbox 1037 4619 1189 4715; x_wconf 64' lang='lat' dir='ltr'><strong>Roudoffo</strong></span> <span class='ocrx_word' id='word_1_343' title='bbox 1219 4620 1419 4699; x_wconf 83' lang='lat' dir='ltr'><strong>construxit</strong></span> <span class='ocrx_word' id='word_1_344' title='bbox 1440 4623 1675 4822; x_wconf 62' lang='grc' dir='ltr'><strong>1151)ευὶῐί</strong></span> <span class='ocrx_word' id='word_1_345' title='bbox 1646 4647 1707 4823; x_wconf 54' lang='lat'><strong>0¹2</strong></span> 
     </span>
    </p>
   </div>
   <div class='ocr_carea' id='block_1_12' title="bbox 114 4882 1393 4978">
    <p class='ocr_par' dir='ltr' id='par_1_12' title="bbox 114 4882 1393 4978">
     <span class='ocr_line' id='line_1_35' title="bbox 114 4882 1393 4978; baseline -0.015 -12"><span class='ocrx_word' id='word_1_346' title='bbox 114 4896 247 4978; x_wconf 62' lang='grc' dir='ltr'><strong>’ΝΜ</strong></span> <span class='ocrx_word' id='word_1_347' title='bbox 264 4888 457 4964; x_wconf 61' lang='lat' dir='ltr'><strong>&amp;Com</strong></span> <span class='ocrx_word' id='word_1_348' title='bbox 463 4886 676 4959; x_wconf 72' lang='lat' dir='ltr'><strong>SuoszH.</strong></span> <span class='ocrx_word' id='word_1_349' title='bbox 685 4885 803 4975; x_wconf 71' lang='lat' dir='ltr'><strong>seispso</strong></span> <span class='ocrx_word' id='word_1_350' title='bbox 819 4882 921 4952; x_wconf 68' lang='lat' dir='ltr'><strong>liuba</strong></span> <span class='ocrx_word' id='word_1_351' title='bbox 939 4882 1206 4971; x_wconf 71' lang='lat' dir='ltr'><strong>Roudolsoutqre</strong></span> <span class='ocrx_word' id='word_1_352' title='bbox 1224 4901 1393 4969; x_wconf 64' lang='lat' dir='ltr'><strong>esmona.</strong></span> 
     </span>
    </p>
   </div>
   <div class='ocr_carea' id='block_1_13' title="bbox 388 5250 557 5314">
    <p class='ocr_par' dir='ltr' id='par_1_13' title="bbox 388 5250 557 5314">
     <span class='ocr_line' id='line_1_36' title="bbox 388 5250 557 5314; baseline -0.006 1"><span class='ocrx_word' id='word_1_353' title='bbox 388 5250 394 5261; x_wconf 63' lang='lat'><strong>⁴</strong></span> <span class='ocrx_word' id='word_1_354' title='bbox 541 5272 557 5314; x_wconf 79' lang='lat' dir='ltr'><strong>r</strong></span> 
     </span>
    </p>
   </div>
   <div class='ocr_carea' id='block_1_14' title="bbox 0 0 2142 5670">
    <p class='ocr_par' dir='ltr' id='par_1_14' title="bbox 0 0 2142 5670">
     <span class='ocr_line' id='line_1_37' title="bbox 0 0 2142 5670; baseline 0 10"><span class='ocrx_word' id='word_1_355' title='bbox 0 0 2142 5670; x_wconf 95' lang='lat' dir='ltr'><strong> </strong></span> 
     </span>
    </p>
   </div>
  </div>
 </body>
</html>
