4276 5670
245 400 319 493 ιιι
845 377 1338 517 sema!

346 558 591 655 illustrissimae
620 580 664 648 ac
690 556 1019 634 Reuerendissimae
1044 555 1314 633 nominationis
1336 548 1471 635 vestrae
1495 558 1672 648 litteras,
1702 582 1777 657 qua
1803 557 1870 636 de

247 691 309 758 cet
328 670 741 775 'obseruantia„accepi,
773 699 821 752 ex
849 676 980 774 quibus
1013 698 1072 764 ea,
1103 699 1198 773 quae
1221 674 1321 772 prius
1345 679 1395 753 de
1424 666 1729 757 Reuereudissrma
1751 679 1802 754 D.
1824 678 1871 758 V.

170 878 174 885 ,
248 797 392 877 a'rdemi
421 820 506 895 erga
527 798 667 885 Deum,
690 796 842 894 ejusque
862 794 1036 899 majorem
1059 795 1189 892 vtique
1217 799 1437 894 propagandi
1470 798 1621 895 gloriam
1648 800 1795 887 animo,-
1818 799 1873 874 sa·

245 926 312 999 urta
333 918 530 1005 serebatur,
556 916 668 1017 reipsa
688 938 776 993 vera
802 914 890 1001 esse,
916 912 1066 1012 agnoui,
1092 917 1131 994 dr
1145 915 1194 990 de
1214 928 1319 991 tanto
1337 939 1423 1012 erga
1440 917 1640 1014 Religiosae
1664 917 1872 1016 disciplinae

246 1037 498 1123 restaurandae
523 1037 634 1125 Zeio,
658 1034 910 1118 vehementer,
923 1044 978 1131 ‚vt
1005 1033 1134 1120 debui,
1157 1036 1334 1121 Laetatns
1360 1038 1449 1115 sum.
1504 1037 1726 1115 Benedissus
1751 1038 1875 1123 Deus,

248 1158 313 1256 qui
339 1156 426 1235 buic
451 1153 614 1233 susdensi
644 1168 721 1233 tam
745 1154 936 1251 antiquae,
972 1155 1009 1232 dr
1045 1165 1102 1230 tot
1129 1153 1343 1233 Sannorum
1372 1156 1542 1236 Virorum
1567 1156 1705 1243 astrici,
1735 1155 1875 1232 Domui

248 1276 333 1361 brae
364 1275 640 1374 dispensatorem
667 1286 746 1351 tam
772 1273 920 1349 sidelem
957 1272 1166 1359 constituit,
1190 1274 1254 1371 qui
1274 1274 1380 1360 sicet,
1419 1277 1532 1352 etiam
1571 1275 1873 1374 pertrubatiffimo

250 1408 431 1496 tempore,
457 1405 619 1473 veterem
643 1407 720 1470 tam
744 1391 914 1495 Resigiosr
945 1391 1097 1471 instituti
1129 1417 1296 1471 normam
1323 1395 1473 1479 referre,
1504 1399 1543 1473 dr
1566 1395 1603 1470 in
1631 1395 1787 1471 Ecclesia
1808 1392 1876 1475 sibi

207 1598 212 1607 ,
249 1515 435 1593 commissa
459 1513 591 1613 vbique
609 1512 797 1591 efformare
821 1514 859 1591 dt
882 1512 989 1600 velit,
1019 1514 1058 1591 dr
1076 1510 1179 1589 omni
1201 1536 1292 1610 ope,
1325 1513 1365 1592 dr
1393 1538 1502 1613 opere
1529 1515 1677 1591 nitatur.
1742 1515 1875 1591 Caete-

248 1658 333 1729 pum
358 1646 537 1733 quantum
558 1635 607 1710 de
633 1647 710 1708 tarn
736 1630 914 1728 Religioso
938 1634 975 1711 dc
995 1655 1079 1711 vere
1101 1632 1161 1728 pio
1181 1632 1426 1712 illustrissimae
1445 1634 1492 1710 D.
1521 1638 1561 1712 V.
1584 1635 1768 1732 Proposito
1800 1632 1875 1709 sae-

246 1767 326 1853 'tpr,
349 1765 494 1831 tantum
525 1751 690 1843 vioiffim,
731 1750 1136 1850 quorumquam&
1169 1752 1341 1830 laudabili
1374 1754 1542 1854 petitioni
1580 1756 1768 1852 ejusdem.
1801 1753 1873 1830 hoc

250 1886 438 1974 tompore,
464 1876 510 1953 ob
533 1873 655 1949 causas
680 1895 754 1948 uon
776 1870 913 1949 nullius
934 1872 1117 1951 momenti
1138 1871 1300 1948 satisfieri
1316 1896 1339 1949 a
1356 1898 1418 1952 me
1439 1874 1563 1951 minus
1581 1873 1700 1972 poffit,
1732 1897 1780 1948 ex
1796 1871 1875 1953 ani·

249 2016 314 2093 mo
335 1995 453 2072 doleo.
502 1992 553 2069 Et
580 2014 667 2069 vern
689 1990 836 2068 animus
863 1989 956 2067 mihi
983 2013 1185 2088 numquam
1207 1991 1343 2078 desur't,
1374 2017 1445 2068 nec
1471 1993 1592 2069 adhuc
1624 1993 1742 2082 deest,
1774 1992 1874 2069 Reli·

248 2115 387 2213 giosum
414 2112 620 2195 Institutum
646 2109 778 2209 vbiqqe
804 2109 1041 2209 promouendi
1061 2110 1102 2201 ιιι
1119 2112 1360 2210 propagandi,
1378 2112 1498 2201 ,obstat
1516 2125 1642 2195 umen
1661 2113 1750 2191 huic
1769 2134 1874 2203 meae

246 2233 555 2336 promptissimae
550 2230 730 2331 voluntati
752 2242 839 2306 ante
863 2230 951 2315 asia,
992 2241 1095 2307 aetas
1126 2255 1200 2308 non
1226 2220 1305 2308 tar'n
1329 2231 1463 2321 Senio,
1510 2254 1622 2330 quam
1650 2234 1876 2332 quadragina

250 2380 430 2442 naamam,
462 2353 608 2450 quibus
616 2350 703 2428 hnic
728 2320 949 2453 Monasterio
968 2351 1108 2448 prosui,
1145 2349 1256 2429 frasso
1278 2350 1483 2434 laboributr
1515 2355 1553 2432 dr
1577 2356 1674 2452 quod
1693 2352 1875 2430 summam

73 2460 79 2468 ’
220 2459 319 2562 est,
344 2472 595 2579 Superioribus
618 2470 744 2556 annis,
769 2455 887 2545 morbi
912 2446 1070 2567 quodam
1086 2469 1275 2547 accidente
1294 2469 1346 2546 ita
1365 2473 1539 2560 contrita,
1563 2487 1603 2550 vt
1624 2477 1672 2550 de
1696 2472 1874 2550 Abbatiae

99 2608 101 2613 '
138 2672 165 2696 ,Ι
249 2595 405 2674 Munere
441 2592 658 2677 abdicando,
695 2613 770 2665 non
801 2572 946 2665 tanturn
977 2590 1183 2686 cogitarim,
1224 2591 1419 2680 tentarim,
1445 2593 1503 2668 sed
1526 2594 1600 2691 ipso
1625 2594 1737 2669 etiarn
1766 2613 1873 2690 opere

248 2710 510 2848 praestitissem,
548 2709 613 2785 ιιιιι
647 2721 851 2806 ternporurn
875 2708 1040 2794 istorum,
1066 2710 1105 2788 ιιι
1126 2709 1229 2790 bessis
1252 2715 1291 2790 dr
1314 2711 1393 2787 asiis
1414 2713 1660 2790 Incommodis
1679 2711 1874 2789 notisbmo'·

112 2905 115 2909 ,
249 2855 353 2921 rum,
387 2830 537 2928 injuria,
577 2829 841 2927 impedimento
869 2829 962 2905 rnibi
995 2829 1187 2935 exstitisset.
1267 2830 1317 2907 Et
1349 2832 1519 2931 quonism
1545 2856 1629 2910 cum
1660 2835 1716 2910 ob
1735 2830 1874 2910 senium

250 2964 330 3031 tom
356 2973 443 3031 vero
467 2949 631 3027 maxime
660 2951 708 3026 ob
730 2950 856 3026 :morbi
877 2950 953 3045 jam
979 2949 1127 3027 dissum·
1149 2950 1338 3038 accidens,
1375 2953 1474 3027 nossa
1503 2977 1565 3030 me
1596 2952 1686 3029 bora
1709 2952 1874 3033 securum

248 3056 424 3173 praestate
455 3054 499 3147 Ιι
526 3090 572 3145 eo
597 3069 701 3158 cassia,¹¹
728 3092 807 3169 quo
829 3070 887 3147 vel
911 3068 1042 3146 sedatis
1063 3069 1183 3159 bessis,
1207 3094 1268 3177 me
1292 3073 1340 3148 de¹
1363 3070 1624 3175 resignatione*
1647 3073 1782 3149 iterum
1813 3070 1874 3149 col

249 3196 386 3295 girato,
427 3190 485 3270 vel
511 3190 548 3264 in
574 3213 658 3267 meo
680 3212 702 3264 e
726 3191 802 3266 vita
826 3189 979 3266 Exeessu
1008 3188 1153 3265 Fratres
1175 3178 1280 3267 meos
1311 3193 1586 3268 desoccessore·
1605 3193 1873 3285 constituendo,

248 3316 462 3396 deliberare,
485 3309 670 3385 necesitas
685 3323 826 3406 vrgeret
842 3312 1021 3410 (quorum
1044 3310 1257 3386 alterutrum
1277 3311 1409 3387 disserti
1431 3312 1496 3389 virs
1516 3312 1583 3389 diu
1602 3313 1762 3412 poterit>
1787 3313 1874 3389 saci·

249 3437 284 3511 ie
309 3433 564 3531 &prudenter
590 3428 848 3507 Illustriffimam
873 3435 910 3509 dr
944 3428 1286 3507 Reuerendissimam
1301 3432 1346 3507 D.
1364 3433 1405 3511 V.
1431 3430 1647 3528 prospicere,
1679 3433 1771 3509 mihi
1795 3436 1874 3532 'pen

224 3552 403 3638 suadeo,
446 3549 485 3624 in
513 3559 616 3624 tanta
650 3547 811 3624 incorum
846 3549 1032 3634 distantia,
1078 3552 1117 3626 in
1152 3560 1246 3627 tam³
1261 3551 1382 3646 grauis
1415 3554 1594 3629 momenti
1629 3555 1793 3649 negotio,
1835 3554 1873 3631 ιιι

250 3696 345 3773 quae
378 3673 416 3750 dr
441 3680 576 3768 quanta
606 3668 762 3768 pericnsa
796 3668 1049 3747 Monaiierium
1080 3692 1206 3746 meum
1231 3670 1506 3765 conjiceretur?
1561 3671 1734 3762 Accedit,
1775 3674 1874 3774 quod

132 3877 136 3884 ,
250 3814 299 3872 ex
320 3791 503 3869 Fratribus
527 3788 618 3865 mihi
642 3787 834 3867 commissis
858 3812 930 3865 non
955 3789 1060 3885 pauci
1086 3787 1154 3863 fint
1170 3787 1279 3887 senes,
1315 3790 1375 3865 alii
1400 3791 1521 3868 morbis
1544 3794 1655 3870 etiarn
1680 3794 1799 3882 fraisi,
1836 3792 1874 3873 ἃ

246 3914 401 4015 'proinde
446 3907 532 3986 huic
564 3909 830 3985 reformationis
860 3908 971 3984 labori
1001 3908 1122 3984 minus
1155 3907 1289 3985 idonei.
1366 3912 1428 3988 Est
1469 3913 1580 3990 etiam
1619 3914 1723 3990 nobis
1757 3917 1877 3993 Mem·

249 4037 354 4114 brum
372 4024 545 4131 'quo'dam
570 4028 608 4104 in
635 4031 767 4127 oppido
804 4026 1001 4116 Vesdsr'rcsr,
1045 4028 1083 4103 in
1110 4051 1184 4126 quo
1207 4029 1320 4104 etiam
1345 4054 1417 4109 non
1449 4035 1554 4131 pauci
1580 4035 1735 4132 degunt·
1779 4048 1876 4114 vtro·

251 4154 363 4254 bique.
390 4177 477 4232 vero
508 4164 585 4227 tarn
617 4149 722 4237 hic,
752 4171 861 4246 quam
893 4148 944 4222 ibi
976 4148 1151 4245 populus,
1190 4149 1228 4226 dr
1263 4149 1393 4226 subditi
1429 4176 1474 4227 eo
1506 4153 1580 4247 jam
1611 4156 1680 4256 Dei
1705 4179 1876 4241 munere,

251 4278 384 4376 partim
410 4272 674 4357 Concionibus,
705 4269 835 4366 partim
861 4267 1128 4345 Consesiionum
1151 4268 1397 4346 auditionibus
1429 4271 1579 4373 asiisque
1605 4275 1629 4350 ι
1631 4277 1776 4353 mrsrbus
1797 4275 1878 4351 Ex·

252 4394 388 4473 ercitiis
414 4391 537 4468 assueti
561 4393 659 4476 sunt,
707 4399 748 4464 ιι
783 4386 949 4463 certatim
986 4389 1148 4466 maximo
1185 4412 1337 4465 numero
1372 4407 1644 4480 concurrentes,
1695 4396 1755 4472 bis
1779 4395 1878 4494 spiri·

251 4514 409 4594 tualibus
436 4508 647 4594 ExercitiiS,
686 4512 758 4582 nin
794 4505 816 4580 s
807 4529 866 4582 ne
893 4529 1045 4603 magno,
1093 4509 1155 4608 pio
1179 4519 1302 4585 tamen
1334 4515 1371 4589 da
1393 4512 1554 4606 religioso
1584 4513 1721 4605 sabore,
1759 4516 1879 4613 iuuari

256 4636 426 4715 omnibus
467 4629 589 4707 modis
626 4603 816 4703 seruenuss
820 4650 880 4701 me
923 4635 1108 4725 appetant.
1173 4629 1244 4704 Cui
1270 4630 1460 4716 desiderio,
1502 4634 1539 4709 in
1566 4647 1623 4709 tot
1646 4659 1812 4715 meorum
1838 4638 1878 4716 iu

113 4770 117 4776 “
254 4757 344 4835 alias
367 4765 488 4854 partes
512 4746 674 4829 missione
698 4771 771 4848 qua
792 4747 934 4828 ratione
963 4745 1127 4828 satisfieri
1149 4755 1342 4830 commode
1371 4752 1525 4852 amplius
1549 4755 1679 4854 posset,
1710 4758 1774 4836 vix
1800 4780 1881 4855 per·
1962 4754 1967 4786 ¹

1769 4874 1882 4978 spicio
