4276 5670
242 571 318 649 fiae
345 570 535 649 canonice
557 554 851 670 praetereunte
876 594 1003 649 verum
1026 574 1085 649 'dc
1107 558 1353 647 indubitatum
1380 569 1595 667 Episcopum
1624 569 1877 646 Constantian-

244 692 321 768 iem
347 693 437 780 elic,
478 694 682 790 latiamque
705 699 784 789 per·
799 714 868 766 nos
897 676 1135 784 prouisroirem
1157 692 1376 786 praedittam
1410 693 1459 765 de
1489 691 1638 785 persona
1665 689 1726 765 lua
1759 692 1877 767 didiae

242 811 529 888 madantensis
550 811 731 887 Ecclesiae
760 822 801 888 vt
822 809 1024 908 praefertur
1054 811 1212 888 validam
1237 815 1275 889 dr
1301 810 1486 887 efficacem
1511 809 1606 892 sore,
1645 812 1684 886 dc
1710 808 1879 887 effectum

248 932 364 1009 ortui
396 930 568 1029 potuille,
617 936 655 1010 dr
682 930 858 1016 debuiile·,
899 950 943 1003 ac
965 929 1058 1024 polle
1084 929 1125 1007 dt
1145 931 1295 1015 debere,
1334 930 1382 1003 de
1404 933 1602 1005 eorundem
1629 926 1781 1004 fratrum
1810 952 1877 1003 no-

246 1036 566 1127 strorum-consilio
589 1050 629 1126 dt
647 1050 799 1135 alleniu,
838 1071 882 1124 ac
906 1071 955 1121 ex
978 1056 1080 1123 certa
1102 1048 1220 1125 nostra
1244 1048 1410 1134 lcieutia,
1434 1049 1646 1127 austoritate
1667 1046 1874 1145 apostolica

248 1170 464 1272 patentimn·
479 1176 606 1245 ten'ore
632 1168 865 1246 decernimus
885 1166 1020 1265 pariter
1044 1171 1084 1247 dr
1098 1184 1101 1189 ·
1115 1170 1353 1247 declaramus.
1474 1184 1479 1219 '-
1544 1184 1552 1191 ·

317 1407 490 1504 -Proque
526 1404 679 1483 cautiori
707 1406 851 1483 cautela
883 1406 932 1483 de
968 1406 1116 1505 persona
1144 1406 1232 1486 ditti
1264 1406 1418 1479 mma
1443 1403 1564 1480 eidem
1595 1401 1877 1481 constantienfir

250 1524 430 1604 Ecclesiae
456 1526 600 1600 consilio
625 1529 665 1605 dt
693 1528 827 1603 alienlu
855 1526 1048 1624 praeditti's
1074 1527 1121 1600 de
1146 1550 1245 1602 nouo
1268 1524 1523 1623 prouidemua.
1561 1546 1605 1599 ac
1627 1510 1744 1620 iplum
1767 1524 1877 1597 Lado-

252 1654 353 1721 dmm
377 1658 551 1744 tanquam
567 1646 703 1740 magis?
720 1634 1040 1721 idonen'm‘eidem
1065 1642 1245 1721 Eccleliae
1268 1643 1509 1742 praefecimus
1532 1644 1571 1719 in
1599 1642 1815 1741 Episcopum
1837 1641 1879 1719 dt
1967 1736 1970 1743 Ι

253 1764 453 1853 Pastorem,
483 1787 608 1840 curam
625 1748 1025 1843 &administrationem
1039 1764 1148 1859 ipsius
1159 1763 1340 1841 Ecclesiae
1349 1760 1636 1839 contantiensis
1659 1762 1723 1839 fibi
1741 1761 1782 1837 in
1803 1760 1878 1836 eia·

254 1888 336 1961 dem
357 1883 599 1982 spiritualibus
626 1888 663 1962 dr
685 1883 944 1981 temporalibus
960 1885 1124 1980 plenarie
1135 1884 1411 1962 committendo.
1460 1882 1510 1958 Et
1523 1881 1761 1958 nihilominus
1775 1902 1878 1976 prae·

253 2006 368 2081 iatum
395 2002 571 2080 ottonem
598 2001 782 2078 Comitem
811 2003 1076 2100 &Capitulum
1101 2026 1172 2078 nec
1197 2027 1272 2080 non
1300 2002 1447 2078 Clemm
1474 2003 1511 2080 dr
1539 2002 1711 2098 populum
1738 2000 1877 2076 Ciuita-

254 2124 301 2201 tla
325 2120 610 2199 Constantieofir
633 2144 677 2197 ac
702 2120 896 2216 tnpdares
920 2124 1089 2222 persollae
1117 2109 1296 2200 Ecclesiae
1318 2119 1501 2197 Dioecesrr
1528 2121 1567 2198 dr
1590 2121 1712 2218 populi
1736 2119 1877 2216 praedi·

257 2244 392 2321 storum
413 2262 612 2347 eurumque
633 2240 830 2341 complices
856 2240 895 2318 di
925 2240 1185 2329 adhaerentes,
1216 2264 1261 2318 ac
1285 2240 1435 2322 talblloa
1459 2241 1499 2320 dt
1532 2238 1684 2314 colonos
1712 2241 1752 2318 oz
1777 2238 1879 2315 labo

255 2377 392 2441 ratores
409 2359 638 2437 trutinarioa·
661 2357 747 2435 siue·
766 2361 1018 2437 mandatores
1045 2363 1199 2459 quorum
1224 2362 1392 2438 omnium
1420 2357 1641 2437 nomint-¹&-
1658 2358 1878 2453 cognomina

255 2506 293 2560 ac
318 2482 345 2557 ii
369 2478 570 2581 speciatim
583 2477 880 2575 'exprimerentur
909 2479 971 2554 hic'
990 2502 1056 2577 pro
1078 2462 1246 2579 expieflis
1269 2479 1396 2557 haberi
1419 2483 1456 2557 dr
1471 2479 1510 2554 ln
1531 2460 1742 2575 'patentium
1763 2477 1878 2574 publi·

256 2603 397 2679 catione
417 2597 572 2697 exprimi
593 2598 687 2694 polle
705 2598 884 2675 volumus.
933 2598 985 2673 Et
1006 2599 1114 2676 alicui
1137 2622 1264 2677 eorum
1292 2600 1330 2675 in
1359 2598 1558 2708 praemiiis!
1574 2597 1758 2674 consilium
1775 2595 1876 2673 auxi·

254 2720 355 2817 lium-
369 2718 430 2797 vel
454 2716 619 2792 fauorem
647 2717 779 2796 aneae
802 2720 860 2796 vel
886 2718 1060 2797 inditeite
1088 2719 1231 2817 publice
1261 2719 1319 2797 vel
1339 2718 1497 2793 occulte
1523 2716 1749 2819 qualiterque
1777 2738 1878 2815 prae·

256 2840 386 2917 lantes
425 2837 464 2914 dt
491 2845 728 2933 quoscunque
756 2830 852 2912 alios'
880 2837 1133 2937 cuirucunque'
1164 2836 1276 2913 statut
1305 2839 1441 2932 gradus
1463 2836 1522 2914 vel
1553 2834 1786 2912 conditionia·
1805 2832 1879 2912 siue

255 2958 390 3037 odinis
402 2955 558 3057 luerint,
589 2976 632 3029 ac
646 2958 1169 3067 quacunqdelpraeemineotia
1188 2955 1420 3033 ecelesiastica
1439 2955 1497 3035 vel
1513 2958 1716 3043 mundana,
1738 2952 1879 3032 etiamli
1963 3054 1967 3061 .

257 3074 821 3175 Arcbiepilcopali,'Epilcopali,
846 3075 977 3151 Ducali
1017 3116 1068 3135 ·-
1112 3089 1177 3152 aut
1207 3073 1380 3152 comitali
1409 3075 1470 3152 seu
1500 3076 1631 3175 quanio
1667 3074 1740 3151 alin
1763 3064 1878 3171 prae&

256 3198 416 3297 lnlgcant
450 3193 647 3288 dignitate,
710 3196 758 3268 ad
792 3216 947 3292 quorum
991 3197 1162 3272 notitiam
1199 3206 1369 3292 patente:
1408 3195 1549 3272 nostrae
1581 3194 1724 3271 litterae
1752 3216 1879 3292 perue-

256 3320 394 3405 neriut,
439 3312 654 3392 austoritate
683 3302 890 3410 Apostolica
920 3336 969 3390 ex
999 3327 1099 3390 certa
1129 3315 1247 3392 nostra
1275 3315 1424 3390 scientia
1449 3318 1647 3393 earundem
1674 3314 1878 3412 patentium

256 3436 378 3515 tenore
401 3448 614 3520 monemus,
652 3418 773 3509 dreia
806 3435 1044 3520 mandamur,
1065 3436 1258 3533 'quatenus
1284 3434 1346 3510 iub
1374 3434 1787 3539 excommunicationis,
1823 3434 1879 3510 sn·

257 3554 469 3659 ipenfionia,
500 3552 539 3631 dt
561 3550 761 3635 intendisti,
792 3562 862 3630 nec'
890 3574 965 3654 non
991 3552 1157 3631 omnium
1183 3552 1223 3633 u
1249 3555 1466 3651 singulomm
1489 3550 1879 3649 dignitatum,'Per'm·

255 3690 406 3755 natnnm
429 3676 469 3752 dt
492 3669 841 3748 administrationum
864 3674 902 3752 dr
928 3672 1129 3749 officiorum
1150 3673 1376 3774 aliorumque
1394 3673 1652 3751 beneficiorum
1675 3672 1877 3750 ecclesiasti·

257 3794 379 3874 corum
405 3791 672 3893 quorumlibet,
703 3789 897 3868 feudorum
928 3813 1074 3890 quoque
1102 3792 1141 3869 dr
1169 3793 1322 3870 aliorum
1349 3793 1507 3890 jurium,
1540 3815 1633 3891 quae
1663 3816 1685 3867 a
1713 3794 1880 3869 Romana

256 3910 494 4015 &praeditia
515 3905 777 3985 constantiensi
807 3931 851 3983 ac
872 3908 953 3984 aliis
977 3910 1136 3987 ecclesiis
1166 3914 1348 4001 obtinere,
1396 3932 1467 3987 nec
1490 3935 1565 3987 non
1594 3907 1814 4007 dignitatum
1840 3910 1879 3986 in

254 4036 381 4136 quibui
407 4028 595 4108 constituti
616 4028 730 4107 forsan
750 4025 965 4117 existentes,
1010 4029 1225 4127 priuationia
1255 4030 1298 4108 δι’
1324 4031 1372 4107 ad
1395 4029 1458 4105 illa
1485 4032 1523 4110 dr
1548 4030 1619 4106 alia
1648 4029 1880 4128 imposterum

255 4142 454 4233 obtinendi
476 4188 526 4205 -
556 4170 601 4223 ac
627 4144 881 4223 testamentum
906 4150 944 4226 dt
967 4170 1211 4249 quoacunque
1234 4148 1325 4225 alios
1346 4152 1452 4226 atlua·
1465 4147 1650 4244 legitimos
1674 4148 1880 4235 iaciendos,

253 4266 580 4354 inhabilitationis,
614 4265 760 4363 poenis,
808 4288 899 4364 quaa
926 4290 991 4343 eos
1025 4270 1063 4347 dr
1091 4290 1216 4345 eorum
1241 4266 1441 4367 quemlibet
1460 4270 1597 4368 absque
1627 4267 1700 4343 alia
1721 4267 1882 4344 declara·

251 4390 353 4469 tione
382 4386 412 4464 li
446 4398 574 4464 contra
602 4385 775 4471 fecerint,
828 4385 955 4463 ordine
986 4409 1058 4485 quo
1090 4386 1184 4464 inira
1213 4386 1396 4466 incurrere
1427 4386 1597 4467 volumus
1626 4410 1671 4461 eo
1703 4385 1795 4485 ipio,
1841 4389 1881 4466 dt

252 4532 344 4611 quaa
366 4532 418 4585 ex
444 4514 678 4604 nuncaprout
703 4516 860 4592 extunc,
898 4503 937 4581 in
960 4527 1089 4582 omnen
1121 4508 1160 4584 dr
1186 4505 1341 4602 singulos
1363 4505 1581 4605 supradittoa
1602 4506 1666 4605 qni
1700 4504 1881 4582 contrafe-

251 4629 371 4705 oerint
392 4626 547 4705 serimus
568 4624 607 4699 in
631 4616 690 4700 hia
712 4622 869 4720 scriptia,
902 4620 1148 4702 vtini'ralex
1180 4626 1278 4712 diem
1304 4624 1507 4725 *postquam
1538 4635 1706 4725 patenter
1738 4624 1881 4701 litterae

251 4749 303 4841 ad
322 4756 453 4835 eorum
483 4744 655 4823 notitiam
682 4743 934 4844 peruenerint,
978 4766 1132 4845 quorum
1160 4745 1221 4821 sex
1253 4744 1397 4824 dierum
1429 4748 1526 4826 duoa
1549 4767 1615 4844 pro
1647 4747 1767 4848 primo
1788 4746 1882 4822 duoc

300 4892 304 4899 ’
1101 4861 1215 4961 Arg
1814 4885 1883 4963 pro
