4276 5670
406 383 481 472 ΞΜ
1008 367 1428 462 omne

325 620 346 642 .,
500 549 614 628 Anno
654 554 758 641 ωας.
794 545 928 623 iarun
959 547 1009 641 ad
1038 546 1224 624 conclaue
1254 546 1411 622 Abbatis
1434 544 1542 647 nostri
1566 546 1823 655 deferebantur
1844 548 2037 638 Litteraec
2119 574 2122 580 ·

332 659 334 663 ’
405 672 452 748 ab
483 669 628 746 Abbate
655 669 807 770 Fuldenfi
838 666 1040 754 Berncrdo,
1079 666 1220 742 calamo
1252 666 1507 765 immanissimo
1539 667 1577 744 iu
1608 667 1706 744 hunc
1734 669 1849 745 serme
1882 674 2036 751 modum

303 777 305 781 ’
403 800 597 864 exaratae:
632 784 789 893 ,Joonner
812 784 1008 862 Bernartius
1028 784 1098 861 Dei
1119 787 1158 862 dr
1188 781 1417 881 Apostolicae
1448 782 1543 862 sedit
1567 787 1682 882 gratia
1707 786 1831 867 Abbas
1853 788 2036 871 Ecclefiae
2123 828 2133 842 ¹

404 906 589 1008 Fnsdenfir,
629 906 742 983 Dicor
760 905 929 1007 Arrguslnr
955 898 1297 995 Arelicanceltarrus,
1328 932 1389 1005 per
1413 904 1627 985 Germaniam
1651 905 1693 997 ss
1716 906 1861 985 Gallium
1882 907 2036 1000 Pam,-

386 1025 481 1125 ‚saa
507 1024 603 1103 Rern.
622 1025 708 1126 Imp.
729 1023 888 1125 Princeps
907 1036 969 1102 etc.
1244 1076 1248 1080 -

498 1205 662 1284 Salutem
684 1185 954 1285 &Amicitiam
977 1172 1153 1294 nostram,
1176 1193 1391 1283 Reuereude
1414 1203 1453 1283 in
1479 1202 1621 1283 Christo
1652 1206 1777 1297 Pater,
1806 1205 1939 1286 Amice
1964 1200 2033 1287 fin·
2065 1202 2070 1209 “

401 1327 608 1408 cerenobis
636 1326 775 1405 diletle.

404 1520 417 1555 -“
495 1507 710 1583 Reuerendo
731 1508 770 1582 P.
796 1505 839 1584 V.
863 1501 1053 1580 innotuisse
1074 1503 1287 1604 neutiquam
1317 1504 1545 1590 dubitamus,
1577 1525 1687 1603 quam
1718 1502 1920 1602 praeclaros
1942 1503 2031 1585 olim

400 1626 534 1704 maus
555 1607 712 1703 Ecctefia
734 1626 827 1700 haec
849 1623 1037 1723 Fnldenſsr,
1063 1623 1202 1699 nostrae
1224 1626 1335 1701 modo
1363 1625 1481 1702 Curae
1504 1625 1707 1709 commissa,
1740 1627 1916 1725 quarndiu
1936 1650 1960 1702 a
1983 1627 2029 1703 D.

399 1747 519 1822 Patris
546 1747 653 1824 nostri
669 1746 868 1850 Beneditto
890 1741 1115 1820 Sanitillrmo
1137 1743 1300 1820 Instituto
1327 1743 1396 1819 sese
1421 1744 1602 1821 dimoueri
1631 1743 1725 1843 passa
1750 1770 1824 1821 non
1852 1745 1920 1836 ell,
1948 1759 2030 1825 tum

399 1865 496 1944 sacro
519 1866 605 1942 huic
634 1865 778 1954 Ordini,
800 1878 881 1941 tum
903 1861 1016 1940 etiam
1040 1860 1226 1940 uniuersae
1257 1860 1436 1939 Ecclesiae
1466 1863 1679 1940 Catholicae
1704 1865 1921 1964 protulerit:
1960 1869 2030 1945 lle·

398 1997 605 2064 mmtamen
633 1990 697 2084 pro
720 1986 823 2064 dolor
847 1982 980 2059 accidit
999 1993 1205 2084 temporum
1231 2003 1274 2058 ac
1294 1982 1488 2061 haereseon
1503 1982 1638 2078 injuria
1658 1983 1710 2060 ita
1729 1983 1906 2082 paulatim
1923 1985 2029 2064 liber·
2099 2082 2106 2097 ι

398 2104 487 2182 tatis
511 2105 635 2182 sroena
656 2105 806 2191 Laxari,
831 2105 996 2200 adeoque
1012 2120 1096 2178 cum
1120 2102 1226 2179 testis
1244 2125 1286 2178 ac
1309 2101 1483 2179 aediliciis
1504 2102 1726 2201 disciplinam
1743 2127 1888 2205 quoque
1902 2129 2029 2185 mona·

397 2224 522 2302 nicam
545 2224 689 2313 collabi,
723 2237 764 2301 vt
781 2225 912 2319 exigna
941 2221 1074 2299 veteris
1094 2221 1247 2298 instituti
1276 2206 1421 2318 vestigia
1448 2221 1510 2299 hic
1534 2221 1606 2297 lo'ci
1631 2222 1802 2322 superesse
1824 2223 2028 2307 videantur.
2069 2317 2075 2328 ¹

397 2344 507 2428 Vnde
529 2348 613 2422 cum
636 2343 788 2443 injuncti
813 2343 917 2422 nobis
940 2340 1050 2418 officii
1073 2341 1167 2416 ratio
1190 2339 1340 2418 omniuo
1366 2341 1547 2438 exigeret,
1567 2341 1653 2419 huic
1677 2343 1725 2420 ad
1754 2344 1923 2444 praeseus
1949 2347 2028 2423 ani·

396 2488 540 2544 marum
563 2464 760 2564 periculum
782 2461 927 2558 longius
953 2459 1125 2559 gliscenti·
1136 2461 1234 2536 malo
1264 2460 1429 2539 debitum
1456 2461 1582 2538 afferre
1614 2463 1835 2549 remedium,
1868 2490 2027 2566 eumque

396 2586 435 2662 iu
463 2584 575 2660 finem
598 2607 672 2659 nou
695 2581 806 2658 solum
828 2580 951 2678 passim
978 2579 1147 2656 diuinum
1175 2579 1314 2657 cultum
1347 2582 1468 2658 modis
1497 2581 1666 2659 omnibus
1695 2581 1927 2681 promouere,
1966 2587 2026 2664 sed

396 2704 510 2780 etiam
542 2701 806 2799 saepedictum
837 2700 1041 2777 Institutum
1071 2699 1117 2774 D.
1149 2700 1267 2777 Patris
1307 2701 1517 2785 Benedicti,
1572 2703 1670 2800 quod
1704 2702 1854 2799 professi·
1878 2707 2025 2796 sumus,

266 2811 267 2817 ‘
320 2870 324 2877 ·
396 2822 603 2924 praesertim
634 2821 672 2898 in
698 2820 826 2917 majori
849 2819 999 2923 Bafilr'ca
1023 2819 1195 2898 Ciuitatis
1218 2821 1358 2898 nostrae
1381 2821 1410 2898 F
1412 2820 1566 2900 uidensrs
1584 2821 1692 2920 juxta
1717 2847 1883 2901 normam
1909 2828 1954 2904 ab
1980 2852 2026 2905 eo

321 2932 331 2946 ⁰
394 2942 646 3043 praescriptam
670 2943 792 3018 denuo
814 2940 1009 3019 restaurare
1023 2965 1048 3015 ε·
1072 2954 1179 3039 prout
1207 2940 1245 3018 id
1271 2930 1385 3040 ipsum
1417 2964 1440 3016 a
1464 2940 1559 3017 sacra
1584 2942 1776 3046 Apostolico
1798 2943 1876 3042 sede
1898 2945 2025 3025 Roma·

394 3091 460 3156 nu,
493 3064 548 3143 vti
567 3066 652 3143 &a
681 3060 842 3159 Ccefiarec
868 3062 1045 3162 MaJestcre
1070 3059 1269 3160 specialiter
1290 3061 1396 3137 nobis
1424 3061 1626 3158 injunttum
1649 3062 1745 3145 suite
1776 3064 1863 3140 ldeo
1883 3066 1930 3141 de
1944 3089 2023 3164 per·

393 3182 489 3261 souin
517 3184 564 3259 ad
585 3181 843 3258 instituendam
865 3179 1049 3275 eiusmodi
1068 3179 1380 3258 Reformationem
1396 3181 1540 3259 idoneis
1552 3182 1817 3279 prouidendum
1839 3185 2025 3266 duximus.
2068 3180 2075 3196 ²

393 3304 490 3391 Quia
511 3325 597 3382 vero
615 3301 713 3379 fama
733 3300 781 3377 ad
802 3323 872 3375 nos
892 3296 1054 3377 delatum
1084 3299 1136 3375 est
1154 3323 1240 3397 prae
1265 3301 1418 3378 caeteris
1440 3301 1479 3378 in
1508 3301 1726 3380 Monalierio
1746 3305 1796 3380 ll.
1820 3307 2022 3387 Patemita-

170 3490 181 3509 ,
242 3460 245 3465 ’
392 3426 443 3503 tis
470 3423 604 3502 vestrae
623 3418 791 3516 regimini
814 3419 997 3496 commisso
1016 3418 1216 3515 regularem
1245 3422 1508 3501 obsemantiam
1534 3444 1577 3496 ac
1604 3402 1839 3502 monasticam
1869 3428 2037 3526 diniptir

390 3565 479 3629 nam
502 3566 576 3618 non
603 3562 731 3639 parum
759 3538 1002 3626 efflorescere,
1032 3539 1277 3638 plurimosque
1308 3542 1474 3640 reperiri,
1507 3541 1569 3641 qui
1598 3543 1678 3619 allis
1708 3543 1814 3641 juxta
1839 3546 1877 3622 S.
1900 3549 2022 3626 Beue·

392 3663 479 3742 dieti
505 3662 632 3738 diuina
662 3659 825 3736 Instituta
852 3659 1021 3762 laudabili
1055 3662 1233 3759 Exemplo
1263 3663 1422 3762 praeire,
1450 3685 1587 3761 eosque
1615 3666 1660 3741 ad
1684 3666 1854 3761 justitiam
1877 3669 2021 3747 etudine

390 3783 563 3865 valeant:
591 3779 728 3858 Idcirco
745 3778 798 3856 ,tt
824 3779 1085 3857 Patemitatem
1107 3780 1150 3860 V.
1176 3781 1228 3857 ita
1249 3782 1418 3879 exigente
1443 3781 1622 3858 Ecclesiae
1641 3785 1781 3863 nostrae
1803 3788 1917 3875 statu,
1943 3791 2021 3888 pio-

387 3914 480 4007 que,
508 3925 580 4003 quo
604 3911 772 3987 tenemur
800 3899 999 3998 propofito,
1032 3921 1096 3999 per
1127 3900 1331 3999 praesentes
1362 3902 1590 4001 interpellare
1622 3903 1808 3994 volumus,
1863 3911 2019 3989 eandem

389 4025 545 4122 benigne
566 4026 604 4103 or
636 4020 752 4099 amice
785 4031 982 4117 rogantes,
1022 4020 1076 4098 vti
1105 4045 1152 4097 ex
1181 4023 1396 4100 venerabilis
1426 4023 1508 4099 suae
1538 4022 1838 4122 congregationis
1864 4052 2021 4108 numero
2111 4123 2114 4128 ,

389 4147 549 4248 quinque
580 4154 643 4219 aut
673 4143 733 4216 lex
759 4140 926 4239 personas
946 4140 1135 4238 Speslatae
1162 4141 1309 4220 virtutis
1316 4156 1325 4231 t
1338 4152 1405 4218 acs
1409 4144 1626 4241 probitatim
1661 4160 1773 4250 atque
1807 4149 2019 4239 intereos,
2085 4215 2089 4221 .

225 4250 245 4272 ⁸
389 4267 509 4368 quoad
526 4263 605 4341 steri
627 4260 927 4362 potemaliquos
945 4284 992 4336 ex
1025 4264 1162 4358 antiqua
1192 4260 1234 4339 ss
1253 4262 1363 4340 nobis
1384 4265 1526 4363 familia
1551 4270 1759 4365 progenitos,
1784 4269 1848 4368 qui
1873 4271 2022 4365 generis

386 4387 440 4469 nri
459 4383 699 4464 Nobilitatem
723 4383 826 4475 juxta
845 4403 986 4458 morem
1010 4381 1047 4455 io
1074 4379 1244 4458 Ecclestis
1262 4382 1542 4460 Cathedralibus
1561 4399 1745 4482 receptum
1763 4390 1809 4464 ad
1828 4403 1849 4473 8
1870 4403 1935 4467 aut
1960 4397 2019 4471 ro.

384 4506 512 4609 gradus
530 4505 642 4580 docere
657 4498 785 4604 peffent
794 4529 808 4585 ,·
831 4499 997 4597 inprimis
1005 4510 1133 4580 autem
1150 4499 1181 4577 F
1181 4556 1192 4578 .
1203 4501 1375 4607 joannem
1391 4501 1554 4582 Simonem
1569 4504 2021 4606 cBodrnurusssodmann)

250 4707 255 4714 ,
385 4625 482 4727 (qui
507 4621 615 4700 nobis
641 4614 767 4699 multia
800 4620 1011 4700 nominibus
1051 4620 1273 4719 singrdariter
1307 4622 1586 4702 commendatus
1624 4627 1729 4727 suit)
1764 4630 2022 4730 aliquantisper

384 4749 434 4827 ad
455 4769 525 4824 nor
546 4745 619 4824 huc
642 4741 819 4822 destinare
841 4765 916 4820 nou
942 4742 1176 4840 dedignettu,
1206 4742 1270 4846 qui
1291 4745 1519 4851 propositum
1544 4745 1704 4827 noſtrum
1738 4770 1821 4848 ope,
1838 4753 1877 4830 dr
1905 4772 2020 4850 opera

487 4916 490 4920 -
1172 4922 1177 4929 -
1937 4872 2014 4965 lua,
