4276 5670
701 405 1130 500 *ww*
1660 412 1736 503 ⁸⁸7

10 589 19 613 '
97 596 104 604 '
177 580 321 670 'Quum
351 578 425 660 buc
462 582 536 682 ipsa
571 582 687 660 Anna
717 582 764 660 D.
784 581 971 683 Leopoldas
1000 583 1142 664 Dicir'nr
1172 612 1195 661 a
1224 584 1513 686 Ibllprarrdtregg
1542 581 1732 681 oniasque

101 703 198 806 Juris
220 705 384 791 notiora
400 701 597 780 Caesareae
620 701 819 799 Maiestatis
845 703 1094 792 Conlilinrius,
1135 705 1301 801 ejusdem
1321 703 1361 780 in
1388 703 1530 799 judicio
1551 701 1729 785 Camerae

44 877 47 883 ·
104 822 302 922 imperialis
334 822 569 905 Aduocatua,
604 832 733 920 atque·
749 822 862 898 mam
894 822 1014 899 noster
1047 823 1183 902 ibidem
1217 825 1432 901 Proctuatur
1469 824 1547 900 vita
1581 820 1727 905 santius

104 942 314 1025 deceiiillet,
352 941 476 1016 Abbas
503 938 603 1016 datis
629 939 694 1026 alie
717 962 776 1016 22.
795 941 924 1016 Martii
946 941 997 1035 b)
1020 942 1172 1029 Litteris
1184 941 1267 1019 DD.
1291 939 1464 1047 oJoorrrera
1490 941 1585 1042 Vest,
1607 935 1728 1035 Sabal-

103 1062 180 1138 aaa
202 1058 369 1158 Splairoa,
404 1063 443 1138 62
471 1057 687 1135 Wlielaaaa
709 1059 856 1167 Hegelia
885 1061 922 1135 in
941 1059 1027 1157 ejus
1050 1060 1173 1139 locum
1196 1061 1410 1157 subrogauit.
1470 1059 1614 1137 Eodem
1637 1079 1729 1161 quo-

103 1202 174 1278 que
199 1202 298 1255 anno
321 1200 424 1277 ¹572·
450 1177 512 1254 die
541 1201 597 1252 ιο.
621 1179 845 1272 Septembris
867 1175 1040 1283 Joaaaera
1075 1178 1148 1257 Cara
1178 1179 1295 1277 nup'er
1323 1180 1363 1254 in
1387 1177 1631 1276 Praepofitum
1656 1175 1729 1253 an

102 1297 226 1373 clelrae
251 1297 475 1393 collegiatae
497 1295 807 1398 Betteairuaneafis
838 1298 992 1377 eleitum
1018 1298 1230 1375 incantata
1262 1297 1453 1396 apostolica
1479 1297 1729 1411 confirmauit,

102 1438 260 1514 eamque
281 1438 345 1512 per
370 1417 638 1510 subdelegatum
664 1415 853 1491 Decanum
878 1417 1039 1515 Capituli
1052 1417 1180 1494 ruralis
1195 1414 1465 1512 linzgorneosrs
1484 1415 1645 1493 inueliiri
1665 1438 1731 1519 cu·

104 1537 210 1613 roura
260 1536 392 1611 rauco
414 1533 751 1610 cantuariensibus
772 1533 942 1629 agema
963 1535 1098 1611 remeet
1119 1548 1253 1635 quaa
1268 1535 1487 1613 Nouembri·
1508 1535 1571 1613 ete
1591 1518 1730 1641 vinea

104 1678 125 1730 a
149 1655 285 1731 Circnli
302 1654 467 1728 Rhenani
484 1652 688 1753 Superioris
716 1653 911 1750 Deputatis
938 1655 1148 1732 Varmatiae
1171 1654 1399 1750 congregatis
1418 1654 1455 1750 1)
1478 1654 1622 1748 adlatae
1643 1654 1730 1731 tuor

102 1774 260 1856 litterae,
285 1775 414 1870 quibus
437 1772 652 1868 significant,
677 1770 817 1849 Ducem
834 1772 1113 1871 Lotbaringium
1136 1797 1195 1851 21.
1225 1777 1264 1852 62
1288 1774 1455 1873 aplulii
1469 1771 1574 1871 elapfi
1596 1773 1728 1849 diablus

102 1893 271 1992 Bidiscam
286 1891 329 1969 tr
343 1890 583 1990 Lambergum,
606 1904 716 1989 atque
737 1893 811 1967 duo
831 1892 1048 1971 Monasteria
1072 1892 1328 1992 Lyongieldeu
1352 1895 1392 1973 ἀ
1419 1891 1641 1988 Wattgallen
1668 1911 1728 1968 ar·
1863 1907 1870 1918 ·

101 2025 199 2089 mata
220 2035 332 2088 manu
346 2023 472 2086 canna
486 2009 630 2107 Imperii
646 2011 891 2088 Conliitiones
905 2013 1124 2109 adpellem,
1146 2012 1184 2089 in
1198 2011 1298 2089 luam
1313 2011 1531 2091 Potestatem
1544 2010 1726 2117 redegilie.

103 2136 222 2218 Quum
236 2133 346 2227 igitur
358 2130 476 2229 priora
491 2128 570 2225 jure
591 2129 810 2229 Nuptiarum
832 2151 917 2208 cum
938 2129 1167 2231 Murgantia
1195 2118 1368 2209 Ladauica
1394 2130 1520 2215 &rite
1539 2133 1586 2217 dr,
1605 2127 1725 2231 Basca

103 2254 361 2329 contrattarum
387 2250 434 2324 ad
448 2247 637 2347 Philippum
655 2249 812 2326 Comitem
831 2250 1005 2327 Haaaaiar
1020 2251 1260 2349 pertinerent,
1300 2250 1491 2348 posteriora
1514 2263 1640 2330 autem
1661 2261 1723 2328 vt·

102 2386 184 2470 pote
200 2370 237 2445 io
256 2369 420 2447 Corar'tatu
434 2367 681 2466 Sarorpoatauo
696 2366 760 2443 lita
773 2368 810 2445 in
828 2368 1008 2445 clientela
1020 2369 1064 2446 D.
1079 2368 1232 2476 Jmaais
1252 2369 1390 2446 Comitis
1404 2370 1582 2473 Nafforliar
1594 2368 1725 2457 alitent,

79 2527 86 2542 =
103 2504 271 2590 virosque
285 2487 454 2573 Comites
468 2488 546 2563 luas
562 2488 610 2562 ad
630 2487 765 2564 Circuli
780 2488 892 2565 status
905 2489 1067 2567 denrliiie
1080 2489 1264 2596 priapeius,
1287 2502 1456 2588 petentes
1474 2502 1515 2569 vt
1531 2487 1725 2567 Lotiiarin·
1845 2585 1854 2592 .

103 2613 180 2707 gius
202 2611 247 2685 ad
259 2608 520 2683 restitutionem
535 2605 827 2703 compelleretur,
857 2630 970 2709 quum
989 2608 1212 2703 igiturbaec
1233 2632 1292 2685 res
1318 2608 1431 2686 totius
1460 2609 1603 2708 lmperii
1624 2608 1716 2687 lalu-

102 2741 193 2818 tem,
216 2725 511 2804 constitutionum
526 2724 768 2811 sanititatem,
797 2724 1047 2824 publicamque
1062 2728 1289 2805 securitatem
1314 2752 1422 2826 quam
1446 2731 1607 2807 mammo
1636 2752 1727 2806 con·

103 2859 279 2929 oemeret.
308 2867 433 2941 rogare
456 2845 516 2929 ie,
534 2845 711 2920 vtceteri
737 2866 881 2944 quoque
904 2847 1017 2929 ,llatna
1043 2844 1178 2942 jurastis
1198 2846 1317 2925 secum
1342 2849 1507 2947 precibus
1526 2846 1722 2925 Caesareae

102 2968 297 3066 Maiestatis
313 2987 418 3061 opem
433 2965 678 3061 auxiliumque
691 2964 934 3061 implorarent.
981 2967 1125 3052 Quade
1141 2966 1246 3042 caula
1263 2968 1404 3044 Marcus
1423 2966 1562 3045 Sittiau
1577 2965 1722 3045 SRAE·
1770 2960 1774 2965 ’

106 3087 308 3167 Cardinalis
335 3083 531 3183 Episcopus
555 3082 852 3168 constannenfis,
875 3086 925 3164 'bc
946 3082 1132 3162 Mariua
1157 3082 1420 3185 Wrteubergiae
1439 3086 1546 3176 Dua,
1587 3082 1724 3163 cuent

101 3209 247 3287 Suebici
271 3205 475 3300 Direltores
499 3200 599 3282 datis
624 3225 721 3279 anno
748 3225 851 3304 1573.
888 3230 941 3282 ro.
966 3204 1129 3303 Jaouarii
1157 3203 1405 3299 litterisltatus
1437 3206 1483 3283 ad
1511 3203 1612 3283 diem
1645 3204 1723 3282 Du-
1799 3212 1804 3225 ’

101 3328 270 3406 mininam
298 3324 470 3400 Iaracaait
498 3337 531 3407 8.
555 3321 739 3400 Februarii
763 3339 1030 3412 conuocarunt,
1059 3324 1192 3402 statuta
1213 3323 1375 3424 sequuti
1399 3330 1449 3407 ad
1472 3323 1717 3404 Deliberatiu·

103 3470 186 3526 nem
211 3445 454 3542 incipiendam
483 3443 633 3540 diem).
1292 3454 1296 3460 “

191 3684 364 3784 Reliqua,
389 3682 477 3758 ficut
502 3682 541 3760 ba
565 3680 686 3768 omni,
711 3690 753 3760 vt
774 3682 852 3779 jam
881 3682 1090 3772 innuimus,
1130 3680 1335 3780 Regiminis
1363 3683 1416 3763 sui
1439 3693 1603 3786 tempore
1633 3708 1721 3768 cum

99 3805 220 3891 Bello,
245 3802 358 3880 Fame
386 3805 425 3880 br
446 3801 547 3878 Peste
574 3799 741 3888 luttauit,
773 3803 935 3903 Joannes
957 3803 1082 3882 Abbas
1105 3815 1147 3883 vt
1169 3785 1261 3880 adeo
1286 3802 1325 3880 in
1351 3805 1558 3883 Monalierii
1585 3807 1721 3887 vtilita·

100 3935 176 4001 tem
200 3935 266 4000 aut
291 3923 461 3998 decorem
490 3920 609 3996 iacere
641 3934 706 3998 aut
732 3945 879 4018 parum,
919 3934 984 3999 aut
1008 3921 1101 4000 nihil
1127 3923 1257 4021 patuit
1322 3922 1420 4001 Fieri
1446 3925 1595 4025 quidem
1621 3951 1723 4029 anno,

102 4052 207 4144 1572.
234 4066 267 4118 2.
291 4040 444 4136 Augusti
467 4062 532 4138 per
559 4039 771 4116 Valentinum
802 4041 1005 4141 illapsiaapt
1028 4042 1249 4118 aurifabrum·
1264 4040 1516 4144 Sorcopiagum
1530 4061 1720 4147 argentorat

98 4165 145 4239 ad
175 4162 368 4238 seruandus
402 4160 599 4238 santiomm
632 4161 802 4260 reliquias
836 4149 1083 4240 Marchdorffii
1108 4159 1267 4251 curauit,
1308 4162 1371 4260 qui
1393 4162 1593 4242 hodiedum
1622 4166 1721 4245 inter

96 4293 218 4360 cetera
230 4280 285 4357 ⁴8.
312 4278 550 4378 Supelletiilis
572 4291 792 4359 ornamenta
808 4277 949 4371 vifitur,
984 4292 1095 4380 atque
1119 4278 1231 4357 etiarn
1252 4291 1395 4378 praeter
1412 4281 1603 4362 Abbatiaie
1620 4268 1721 4366 coa·

96 4399 199 4478 olane
214 4397 416 4495 Capellam
450 4399 491 4473 in
518 4398 783 4486 Nelienreben,
829 4422 923 4498 qaae
948 4423 1044 4477 anno
1069 4423 1176 4501 1575.
1198 4399 1238 4477 in
1260 4397 1438 4481 bonorem
1461 4403 1529 4483 SS.
1554 4404 1720 4486 Wende.

93 4519 181 4603 rur.
225 4515 385 4594 conradi
412 4516 577 4615 Episcopi
610 4520 650 4598 a
680 4518 826 4599 vrsnae
849 4519 1023 4598 ‘aurata
1055 4520 1124 4604 eu.
1162 4522 1385 4621 domumque
1421 4510 1718 4609 vuasonem
1755 4583 1762 4598 .

95 4635 324 4725 aediliaaust,
375 4659 423 4713 eo
451 4637 550 4737 quod
578 4637 698 4717 locum
726 4641 833 4719 istum
872 4639 1062 4740 pecoribus
1089 4637 1231 4717 neniis
1261 4639 1433 4741 aptalieta
1475 4667 1603 4732 aarum
1627 4645 1719 4748 quid

1619 4765 1717 4846 baec

139 4871 178 4959 b)
203 4874 285 4950 Tora.
301 4890 357 4961 27.
370 4872 430 4962 sot.
446 4892 522 4963 279.
603 4879 634 4962 l)
654 4877 734 4958 ilai.
746 4876 805 4970 [οἱ.
824 4889 902 4969 298.
983 4885 1034 4970 ra)
1053 4879 1131 4955 itti.
1144 4876 1205 4971 sol.
1224 4878 1298 4985 296.
