4276 5670
880 377 1301 466 *ww*
1827 392 1904 474 roe

376 551 483 627 Hanc
521 548 807 626 Controueruam
850 548 888 625 ὅ(
924 550 1018 626 circa
1046 576 1121 628 rem
1156 552 1308 630 maximi
1344 551 1522 627 momenti
1555 552 1825 640 versatam&
1857 555 1898 633 ia

266 672 416 747 -moltos
444 694 560 745 annos
581 671 791 764 protratiarn
819 667 935 754 tutte,
972 669 1148 767 exipsius
1175 671 1329 749 Abbatie
1362 671 1557 746 Alexandri
1586 671 1734 745 Litteris
1772 674 1897 768 cogni·

279 797 378 874 tum,
415 792 760 888 atque-perspettum
789 788 975 861 habemns.
1048 789 1110 864 stc
1141 791 1241 866 enim
1277 813 1373 864 auno
1404 798 1506 884 1604.
1537 814 1592 885 24.
1628 789 1713 886 sulii
1744 793 1790 864 ad
1819 790 1897 894 ,Ju-

278 910 356 983 iium
384 906 631 1007 Prisciaeenscm
662 909 700 982 S.
720 907 753 1005 J.
778 900 1051 1002 Presbguierum
1078 923 1156 984 tum
1181 908 1217 982 in
1251 910 1375 986 Vineis
1398 907 1524 984 nostris
1546 906 1792 984 consistentem
1814 911 1901 985 scrin

277 1028 330 1103 bit
353 1028 418 1123 d):
446 1026 564 1124 Nuper
590 1053 649 1123 rgo
673 1025 716 1100 Ii.
744 1025 793 1102 D.
819 1023 985 1119 Abbatem
1009 1029 1077 1127 istie
1099 1030 1115 1118 (
1122 1027 1161 1100 in
1189 1027 1447 1122 Weingarten)
1473 1026 1609 1124 inuisere
1632 1052 1676 1100 cx
1697 1029 1806 1101 animo
1822 1032 1895 1128 sta·

276 1149 341 1232 tui,
372 1144 434 1243 sed
455 1144 549 1220 rebus
565 1148 616 1244 stc
637 1143 817 1246 flantibus,
844 1145 964 1242 procul
988 1171 1161 1220 excurrere
1191 1173 1248 1220 nec
1268 1146 1410 1245 poffism,
1447 1172 1504 1218 nec
1530 1144 1706 1242 cosrssdtum
1728 1149 1786 1244 esi,
1820 1173 1892 1220 curn

273 1266 309 1338 in
336 1265 405 1337 dies
429 1261 469 1338 ii
502 1263 601 1338 boras
634 1261 849 1360 Episcopaies
878 1264 1060 1364 exspretiare
1090 1262 1205 1351 debeo,
1239 1267 1295 1361 qui
1323 1267 1463 1364 acceptis
1498 1260 1638 1337 Litteris
1677 1262 1895 1362 Imperatoris

274 1407 340 1458 una
369 1409 439 1456 cum
465 1384 560 1468 mus,
597 1381 683 1455 nibil
705 1380 853 1455 totenes
880 1382 1135 1482 responderunt;
1172 1386 1302 1458 interim
1325 1409 1384 1458 nos
1410 1410 1474 1457 non
1507 1381 1658 1481 essemus
1687 1407 1824 1481 pergere
1853 1381 1889 1459 iss

276 1501 432 1587 Camere,
457 1526 497 1574 ac
520 1500 687 1599 disponere
709 1526 768 1575 reos
789 1502 835 1574 ad
855 1502 1055 1603 ressendum
1083 1496 1253 1576 conatibus
1274 1503 1414 1578 iliorum.
1479 1498 1569 1575 Eam
1595 1498 1635 1573 ob
1654 1499 1782 1598 causeum
1804 1501 1902 1600 diffi-
2013 1486 2021 1491 ’

272 1622 374 1697 culter
407 1619 579 1694 admodum
612 1622 668 1693 diu
696 1644 807 1695 carcre
832 1632 946 1718 potero
970 1620 1159 1720 praesentia
1186 1624 1249 1695 urei
1281 1620 1436 1696 Dobioris
1471 1616 1686 1707 Scbocbncsi,
1724 1642 1815 1715 quem
1852 1622 1888 1695 irs

272 1741 369 1840 causa
394 1739 517 1836 Spiuae
546 1737 803 1838 Wcs'ugartenfis
833 1753 948 1814 contra
971 1739 1191 1839 Raurnspurg
1212 1738 1257 1815 R.
1282 1740 1333 1816 D.
1361 1742 1429 1840 istic
1453 1737 1573 1815 Abbas
1597 1734 1639 1813 Ei
1661 1736 1725 1840 otte·
1746 1737 1889 1839 Interes·

272 1863 373 1959 scruter
405 1861 456 1933 bis
487 1856 621 1945 diebus,
655 1881 720 1954 pro
742 1856 938 1955 Adjunbio,
975 1886 1037 1958 per
1061 1859 1211 1935 Litteras
1234 1883 1257 1932 a
1279 1885 1329 1933 me
1355 1859 1585 1959 postularunt,
1623 1883 1694 1932 cum
1723 1859 1888 1956 negotium

270 2009 370 2060 meum
397 1977 437 2054 ii
464 1977 642 2052 Controuer
656 1999 699 2048 ra⁴
717 2001 780 2050 non
805 2001 903 2051 unam
928 1976 1095 2055 duntaxat
1110 1978 1258 2078 spinam,
1275 1978 1338 2078 sed
1362 1977 1575 2053 omnimodam
1598 1979 1793 2078 Morcaserii
1815 1976 1888 2052 Di·

267 2108 385 2180 tioncm
409 2123 449 2172 oc
470 2094 741 2201 Jurisdib'ionem
765 2110 953 2185 concernat,
992 2111 1087 2194 atque
1111 2097 1193 2172 adeo
1210 2095 1303 2172 bonis
1324 2096 1511 2175 Advocatis
1533 2123 1613 2197 opus
1639 2095 1790 2188 babeam,
1814 2120 1886 2169 cum
2113 2193 2119 2204 ἣ

268 2220 450 2320 aduersarii
469 2219 539 2316 fint
556 2214 645 2314 stetu
664 2227 810 2312 potentes
833 2227 953 2291 etcetc.
1010 2218 1122 2292 Anno
1145 2215 1345 2314 insequenti
1382 2239 1436 2311 19.
1465 2215 1675 2304 Deoembris
1703 2216 1751 2290 ad
1772 2217 1886 2293 Geor·
2031 2263 2045 2298 -.

266 2346 367 2441 gum
399 2336 556 2412 nostrum
581 2332 733 2409 scribens
759 2332 805 2406 fic
833 2332 993 2430 loquitur
1015 2336 1081 2431 e):
1120 2333 1288 2434 Quantum
1314 2333 1616 2433 Consolationis&
1643 2333 1770 2410 Gaudii
1784 2331 1886 2433 fispe·

266 2458 408 2539 rioribus
432 2453 559 2531 Diebus
583 2479 627 2529 eu
650 2451 821 2527 Relatione
844 2451 883 2526 P.
909 2451 1040 2530 Peioris
1063 2457 1142 2541 mei,
1165 2467 1293 2530 tantum
1318 2455 1472 2529 moeroris
1495 2478 1535 2528 ac
1560 2453 1701 2529 Dolonis
1725 2479 1768 2528 cx
1793 2451 1883 2529 Fra·

265 2584 329 2658 tris
355 2573 487 2681 oJacobi
508 2576 626 2670 accepi.
695 2570 891 2669 Pergratum
912 2571 993 2647 nribi
1003 2576 1078 2672 suit
1106 2574 1220 2648 audire
1243 2571 1348 2648 Tuam
1373 2571 1610 2648 Paternitatcm
1640 2597 1706 2649 una
1730 2599 1803 2647 cum
1817 2571 1882 2671 sua
2022 2664 2025 2669 Ι

264 2695 406 2776 Dabiorc
430 2693 477 2769 ad
488 2697 643 2791 fleturum
669 2688 870 2766 amicabilem
897 2695 1150 2793 compositionem
1179 2718 1252 2767 eum
1278 2690 1544 2791 Reuerendifflmo
1565 2691 1782 2793 Diiiingano
1800 2690 1883 2767 ueiie

261 2833 457 2915 comparere.
534 2809 709 2909 Ingratum
732 2812 830 2897 uero,
863 2811 949 2907 quod
970 2809 1031 2887 Fr.
1055 2808 1194 2913 Jacobo
1218 2836 1281 2887 narr
1297 2808 1406 2908 fitium
1428 2810 1525 2884 ualde
1548 2809 1660 2909 odiosa
1689 2809 1731 2888 ii
1751 2813 1882 2910 pericu·

263 2938 333 3037 iosa
354 2933 527 3034 prouincia
552 2927 593 3004 ii
614 2929 737 3026 tegeris
766 2931 914 3027 imposta
938 2932 1008 3028 st,
1034 2929 1218 3028 sedetiam
1241 2955 1341 3029 opera
1364 2924 1405 3004 id
1431 2928 1618 3026 praesentia
1648 2932 1763 3027 ipsius,
1800 2955 1881 3026 quo-

261 3060 352 3133 niam
381 3078 445 3127 non
477 3052 643 3124 minimam
668 3044 763 3121 babet
787 3047 904 3145 confise.
926 3051 1051 3149 nostrae
1080 3051 1314 3146 cognitiones,
1348 3072 1459 3123 carere
1483 3045 1625 3122 debeam.
1700 3047 1775 3123 Nec
1796 3047 1880 3146 suut

258 3178 397 3276 priuata
420 3194 491 3244 mea
519 3170 650 3266 negotia
676 3165 814 3265 respebbs
846 3165 978 3240 Montis
1005 3166 1051 3241 B.
1078 3167 1239 3256 Mariae,
1269 3167 1333 3268 sed
1362 3169 1504 3241 maxime
1526 3164 1661 3265 publica
1687 3191 1879 3243 concernen-

261 3300 332 3372 tia.
358 3293 509 3368 nimicum
532 3301 633 3362 totum
651 3289 791 3386 flamm,
816 3310 856 3359 ac
884 3285 1098 3360 omnimodam
1117 3287 1372 3386 jurisdibiionem
1393 3288 1491 3387 nosci
1509 3285 1720 3384 Manasierii,
1745 3277 1787 3359 ii
1805 3310 1878 3359 cerm
2038 3312 2042 3320 ·

259 3410 503 3490 nateaaiitera
531 3406 569 3505 se
604 3406 674 3504 ipss
705 3402 863 3480 Charitas
896 3407 1060 3501 incipiat,
1094 3408 1209 3480 currito
1244 3408 1351 3503 nostro
1385 3403 1484 3504 causa
1517 3404 1616 3480 alteri
1643 3404 1877 3502 praeponenda

251 3533 377 3635 suiset.
442 3525 510 3604 Sed
536 3528 686 3620 quoniam
719 3523 851 3599 It'esncio
875 3525 925 3598 ita
963 3521 1066 3621 uisum
1092 3527 1183 3620 suit,
1216 3537 1344 3624 oportet
1373 3551 1443 3599 essm
1478 3526 1642 3621 patientia
1664 3520 1872 3622 subportare.
1975 3572 1978 3577 <
2071 3516 2075 3519 ⁸

260 3653 475 3729 Hortamur
499 3643 631 3743 selanus
656 3668 720 3725 mc¹
739 3645 848 3718 omnia
877 3667 938 3741 per
974 3641 1192 3721 Paternitatis
1231 3656 1306 3719 tuae
1338 3642 1553 3744 praesentiam
1583 3641 1735 3743 fisppieri
1775 3639 1873 3744 peste.

257 3773 394 3850 Caetera
418 3793 462 3843 ex
480 3769 581 3865 oestro
603 3760 733 3840 Riese.
1738 3776 1742 3782 ·

281 3968 283 3971 ’
364 3964 499 4041 Verum
524 3959 738 4035 conuentus
768 3954 881 4052 hosce
913 3955 970 4033 ret
1002 3955 1239 4056 interruptos,
1267 3952 1327 4032 vel
1359 3952 1495 4054 absque
1525 3951 1649 4030 amitae
1684 3947 1904 4031 Decitiooe-

253 4082 405 4180 dilapsos
427 4079 547 4166 fuiiie,
571 4074 746 4172 Epistola,
777 4099 886 4173 quam
917 4076 1015 4154 idem
1038 4076 1163 4155 Abbas
1185 4077 1231 4153 ad
1250 4074 1432 4154 Abbatem
1454 4073 1614 4149 nostrum
1642 4080 1869 4156 anno‘1608.

253 4213 285 4284 b.
303 4203 400 4303 junii
418 4199 542 4286 dedit,
566 4207 687 4292 aperte
705 4193 933 4270 demonstrat.
983 4195 1046 4272 Sia
1060 4197 1179 4272 sonat:
1204 4190 1347 4272 Rediens
1369 4189 1601 4294 Superioribus
1620 4183 1747 4268 Diebus
1770 4188 1871 4266 Cam·
1939 4292 1942 4297 ¹

245 4326 370 4428 pidono
401 4321 527 4397 domum
551 4314 818 4391 cheudidione
838 4311 1005 4415 Principis
1029 4316 1169 4415 ejusdem
1194 4315 1260 4390 ioci
1271 4306 1502 4391 ¹Pateraitatis
1528 4325 1603 4396 tuae
1632 4303 1783 4386 Litteras
1813 4308 1869 4409 os·

243 4443 364 4544 findi,
391 4440 437 4515 ad
461 4462 540 4535 quas
562 4437 676 4537 statim
695 4432 939 4536 respondrsem,
969 4434 1031 4535 nis
1047 4428 1251 4512 Secretarius
1277 4431 1375 4536 uesicr
1400 4430 1524 4510 abitum
1543 4428 1641 4533 fisum
1665 4428 1866 4530 maturaset.
1932 4488 1936 4497 .

252 4563 479 4660 Controuersa
500 4560 606 4657 nostra
625 4581 689 4632 uon
716 4566 843 4630 tantum
873 4579 945 4629 cum
964 4544 1234 4656 Reuerendifflma
1257 4547 1307 4633 D.
1335 4545 1502 4657 Episcopo
1525 4550 1736 4654 Augustam,
1754 4574 1868 4628 amuco

1014 4667 1145 4748 este
1763 4666 1865 4747 etiarn

288 4847 325 4930 t)
351 4845 431 4915 Tem.
452 4810 671 4967 29.de223.
776 4837 812 4920 e)
836 4832 916 4908 rm
936 4834 1001 4908 sod.
1023 4828 1084 4922 sot.
1099 4834 1177 4923 μό,
