4276 5670
1035 140 1050 187 t

288 401 357 457 110
390 371 397 391 '
456 464 468 489 ς
882 379 1299 471 owwftaa

201 594 205 603 ¹
283 544 408 638 aaroni
466 556 547 632 Post
568 555 716 634 terciam
740 555 838 632 mitia
864 557 911 632 de
935 558 1005 654 ipsa
1027 557 1219 634 festiuitate
1241 558 1368 636 festiue
1388 564 1532 657 quoque
1552 536 1703 667 canitur.
1761 555 1824 634 Ad
1843 554 1903 637 vi.

109 681 115 687 ’
187 729 190 732 -
285 684 323 759 dr
348 681 396 754 de
428 691 549 753 cetero
580 679 625 752 ad
653 677 808 774 reliquas
837 677 947 784 horas
976 685 1111 775 perimas
1137 686 1277 765 maiam,
1313 688 1467 775 aaronque
1497 680 1692 776 psalmodiam
1721 687 1902 776 reparans.
1952 679 1954 682 ’
1991 742 1995 748 .

88 803 133 879 ,’
282 797 372 874 ucat
404 799 440 873 in
479 797 640 893 quotibet
670 795 811 895 priuato
835 795 897 870 die
922 782 969 874 ’ἃ
997 797 1308 896 quadragefimali:
1347 820 1567 896 quamquam
1608 797 1655 872 ad
1686 795 1794 877 horas
1828 821 1904 872 non
1948 797 1951 800 ’

201 892 210 912 ’
283 917 382 992 aiias'
400 913 579 1012 antiphonas
610 921 743 1012 captata
778 918 816 992 da
847 918 951 1012 vasus
982 918 1019 992 dr
1043 920 1174 991 cortona
1199 940 1310 1012 quam
1335 903 1386 992 de'
1404 916 1475 1014 ipsa
1504 915 1698 994 festiuitate
1725 919 1902 994 dicamus.

167 1086 169 1090 2
281 1036 364 1112 Post
383 1059 518 1112 nonam
544 1036 680 1132 absque
715 1034 849 1111 letania
883 1034 1021 1110 miiiam
1046 1037 1093 1110 de
1124 1038 1199 1112 XL.
1234 1060 1334 1115 more
1364 1037 1496 1134 priuati
1525 1037 1598 1111 diei
1626 1032 1810 1113 canimus:
1861 1037 1903 1111 In

282 1179 353 1255 qua
381 1155 567 1230 consuetas
591 1155 757 1232 coliettas
784 1152 842 1228 sed
867 1154 1030 1230 nltimam
1045 1158 1221 1251 sardorum
1249 1169 1370 1231 tuorum
1394 1156 1573 1234 addimus.
1615 1156 1712 1232 Post
1738 1155 1919 1254 vesperos.

281 1278 398 1352 ansus
421 1275 579 1350 officium
608 1285 789 1359 remanet,
815 1271 853 1346 iu
880 1276 982 1367 cujus
1008 1274 1087 1349 vice
1118 1274 1204 1350 Psai.
1230 1275 1287 1350 Aa
1313 1279 1465 1351 anatum
1488 1318 1537 1355 ·.-
1562 1275 1638 1374 post
1661 1275 1814 1373 fingulas
1835 1275 1905 1351 ho·

279 1418 341 1472 ras
372 1406 457 1469 ante
482 1392 568 1471 Piai.
603 1395 677 1468 Voce
701 1415 768 1468 rnen
795 1435 843 1448 -
871 1418 933 1489 pro
961 1382 1126 1470 fidelibus
1156 1396 1334 1474 defundis
1363 1397 1577 1492 adjungitur.
1646 1397 1707 1498 Ad
1736 1399 1903 1496 vesperos

8 1565 12 1580 ,
136 1540 138 1545 ·
258 1508 319 1594 7&
354 1519 483 1592 Matut.
528 1512 604 1610 post
646 1514 851 1588 benedicamus
885 1513 1052 1610 sequitur·
1084 1513 1219 1590 ferialis
1254 1515 1392 1611 antiph.
1420 1517 1466 1592 de
1490 1514 1646 1612 ieiunio,
1671 1516 1710 1592 dc
1738 1516 1905 1616 proxima

278 1635 401 1711 oracio
426 1631 551 1732 mrffcib
583 1632 749 1726 ejusdem
776 1633 868 1720 diei,
905 1633 930 1707 ir
954 1635 1000 1709 ad
1022 1646 1154 1711 matut
1190 1639 1228 1714 dc
1253 1634 1414 1734 vesperos
1436 1636 1556 1712 oracio
1583 1660 1654 1736 que
1678 1637 1773 1736 saper
1807 1654 1915 1736 pupas

276 1761 344 1834 iarn
374 1752 600 1829 recitabatur.
651 1793 701 1810 -
749 1793 799 1811 ·-
1864 1753 1866 1756 ⁴

373 1992 413 2069 In
439 1994 576 2088 capituto
600 2012 829 2091 nequaquam
858 1989 928 2066 alia
953 1976 1075 2087 regaie
1100 1994 1299 2079 sentencia,
1332 2018 1421 2091 quam
1444 2018 1498 2092 qua
1521 1999 1560 2097 est
1584 1999 1619 2072 de
1645 1995 1725 2070 XL.
1751 1994 1901 2096 legitur:
1952 2070 1955 2076 ,
1989 2050 1996 2061 -.

231 2136 250 2203 ·,
279 2101 359 2200 Qua
380 2108 508 2210 expofito
539 2114 580 2189 dr·
606 2113 692 2188 data
721 2118 757 2187 da
792 2116 895 2186 ordine
929 2111 1081 2207 licencia
1116 2114 1288 2211 loquendi
1322 2116 1492 2191 recitatur
1519 2120 1619 2191 dread
1648 2121 1812 2203 titanum,
1851 2122 1904 2210 qui

271 2246 357 2310 'anno
380 2240 526 2328 preterito
542 2233 621 2326 finit
645 2236 685 2307 ad
714 2236 867 2327 tegendum
881 2233 1043 2326 fratribus
1071 2242 1200 2327 erogati.
1255 2233 1349 2309 Cum
1376 2219 1526 2335 quilibet
1550 2235 1661 2311 frater
1681 2219 1902 2319 dominatui,
1940 2254 1943 2257 “
1974 2228 1980 2235 ’

279 2351 387 2448 surgit
417 2352 578 2428 &reddit
607 2357 717 2445 tibrum
730 2350 791 2445 fidi
818 2355 933 2424 datum.
982 2346 1081 2428 Nam
1111 2377 1196 2428 eum
1208 2357 1270 2450 stat
1292 2363 1428 2441 manaa,
1458 2351 1522 2428 nisi
1539 2353 1634 2429 eiset
1653 2355 1902 2452 grandiqdrdus,

278 2473 399 2549 secum
428 2473 468 2544 ad
497 2478 661 2567 capitatam
688 2477 795 2544 edati
820 2471 863 2556 ἐξ
881 2473 1030 2565 juxtose
1051 2477 1215 2546 codnauit.
1268 2475 1317 2550 Et
1340 2475 1401 2573 qui
1425 2497 1511 2548 eum
1533 2473 1625 2548 forte
1641 2494 1716 2549 non
1742 2474 1903 2574 perlegit,

273 2593 339 2692 post
367 2594 511 2665 dirorum
542 2598 744 2683 erogationem
774 2596 896 2664 ueniam
921 2597 1011 2687 petit.
1088 2591 1149 2666 Est
1177 2603 1300 2668 autem
1326 2617 1440 2669 vnum
1462 2604 1560 2689 tapete
1593 2591 1644 2668 ibi
1671 2595 1905 2697 prostratum,

278 2711 380 2810 super
399 2710 508 2808 quod
536 2709 592 2807 tpss
624 2713 696 2785 iibri
725 2721 927 2805 ponuntur:
970 2712 1016 2785 de
1050 2710 1179 2809 quibus
1211 2713 1344 2798 iterum
1376 2722 1483 2811 quanti
1510 2718 1645 2799 dantur,
1687 2715 1732 2790 ab
1767 2721 1905 2790 ammio
1975 2769 1981 2780 .

211 2816 215 2827 ’
277 2830 463 2932 postquam
494 2829 630 2924 erogati
659 2830 809 2916 fuerint,
841 2838 875 2907 in
901 2827 1006 2905 totuin
1031 2835 1220 2906 moramur.

266 3128 270 3137 .
320 3039 346 3082 ⁸
374 3067 415 3145 Si
439 3090 510 3165 qua
535 3067 710 3143 iestiuitas
732 3068 811 3144 XII.
834 3067 912 3144 tert.
936 3066 973 3142 in
997 3070 1126 3145 eodem
1160 3068 1220 3145 die
1247 3068 1387 3163 agenda
1410 3066 1590 3156 euanuit,
1633 3081 1720 3146 tunc
1743 3071 1783 3146 in
1806 3073 1905 3171 capi·

279 3189 357 3264 tuto
379 3191 435 3262 due
462 3189 597 3262 ottones
615 3187 801 3282 leguntur,
825 3192 937 3283 duoque
955 3184 1043 3281 fiunt
1056 3193 1230 3283 serracaes,
1247 3187 1415 3263 ,anterior
1438 3188 1485 3262 de
1508 3188 1719 3277 festiuitate,
1744 3191 1791 3277 de
1814 3214 1906 3288 qua·

171 3351 174 3355 ·
278 3308 477 3404 dragefima
502 3306 662 3405 sequens.
714 3307 827 3382 Priori
853 3331 1009 3406 namque
1034 3309 1187 3385 iettione
1211 3330 1295 3382 cum
1329 3303 1373 3380 Tu
1394 3319 1494 3381 aretem
1523 3308 1641 3394 finita,
1676 3333 1764 3385 mox
1790 3309 1905 3408 sequi·

279 3440 339 3505 tur
363 3428 482 3502 altera
533 3429 614 3509 Qua
633 3427 837 3502 item'cum
870 3427 915 3500 Tu
946 3439 1046 3504 autem
1073 3427 1176 3502 finita
1202 3428 1376 3503 recitatur
1409 3431 1510 3502 mauis
1546 3429 1592 3503 de
1616 3427 1742 3502 diuino
1771 3429 1903 3505 officio.

281 3548 491 3646 Sequuntur
513 3547 756 3623 continuatim
779 3546 960 3621 sermones
990 3549 1062 3622 duo
1093 3569 1178 3621 cum
1207 3560 1281 3621 uno
1313 3546 1415 3623 sinam
1442 3547 1634 3622 claudendi
1661 3547 1779 3624 ambo.
1832 3551 1905 3652 Post
1956 3566 1958 3571 “

174 3705 177 3712 «
278 3673 427 3749 librorum
452 3673 651 3760 erogacionem
674 3670 768 3741 datur
795 3672 917 3741 dicenda
937 3669 1112 3763 jejunandi,
1151 3667 1204 3740 ita
1230 3677 1353 3743 tamen
1378 3679 1419 3744 rt
1445 3664 1625 3763 ijunetur
1647 3692 1715 3741 cam
1749 3668 1904 3765 discrxio-
1988 3696 1993 3703 ·

207 3772 214 3783 ’
281 3811 317 3865 ne
341 3790 383 3874 ἐξ
409 3787 575 3870 moderate,
601 3811 637 3860 ae
666 3792 799 3880 corporis
824 3790 1044 3872 cuondam,
1070 3794 1201 3860 maxim
1226 3788 1266 3858 ad
1290 3792 1467 3860 exaridum
1492 3791 1593 3861 diuina
1603 3788 1790 3882 seruitutis,
1809 3794 1907 3863 aruit·
1939 3787 1942 3790 ⁴

281 3919 362 3984 tant.
435 3905 544 3979 Trnm
567 3908 671 3980 dietus
685 3913 690 3924 “
705 3904 743 3979 in
770 3905 973 3982 ebdomada
1009 3907 1048 3982 id
1081 3906 1132 3981 est
1160 3905 1200 3980 Π.
1234 3904 1306 3978 llil.
1339 3905 1376 3981 da
1403 3905 1460 3983 VL
1495 3928 1560 4002 per
1595 3905 1905 4002 quadragesimam

281 4030 410 4106 fratres
429 4023 548 4119 fidentio
570 4037 692 4101 accam.
718 4025 781 4121 qui
810 4025 936 4101 volunt
960 4029 999 4100 od
1020 4023 1217 4119 coaseffionem
1241 4025 1394 4099 veniunt
1421 4028 1542 4100 cottidie
1563 4027 1698 4122 absque
1720 4024 1810 4100 feria
1830 4026 1904 4103 IIII.

283 4151 322 4226 dr
351 4147 407 4227 Vl.
433 4146 469 4218 in
499 4145 629 4228 quibus
652 4144 786 4240 pr·oreffio
809 4152 923 4239 agean.
995 4144 1075 4219 Post
1105 4145 1309 4220 oracionem
1340 4145 1469 4219 fratres
1498 4145 1534 4230 in
1564 4144 1814 4220 choroaciae
1845 4171 1905 4221 aa·

283 4279 353 4345 cant
378 4267 494 4340 donec
519 4264 670 4340 ministri
700 4263 822 4340 altaris
845 4288 883 4338 re
908 4263 1132 4367 vestiantur.⁸
1164 4266 1252 4338 Mox
1278 4285 1375 4337 nona
1399 4263 1572 4360 sequente
1596 4266 1642 4339 ad
1666 4269 1796 4361 psrrtmos
1816 4275 1906 4364 peni·

283 4393 424 4464 tuniolo
453 4389 523 4457 aas
545 4387 705 4485 prostratis
728 4385 826 4498 idem
858 4382 1008 4458 ministri
1023 4387 1118 4481 super
1142 4385 1267 4477 formas
1293 4385 1544 4479 procumbunt.
1607 4384 1702 4458 inira
1728 4384 1906 4465 letaniam

287 4533 369 4587 nero
392 4506 439 4580 ad
459 4504 594 4580 versum
627 4507 742 4578 Ormnr
769 4507 874 4577 Sonttr'
898 4505 1032 4598 absque
1057 4503 1350 4579 circumflexi-one
1373 4516 1520 4577 exeunt.
1575 4502 1696 4579 Finita
1725 4504 1825 4582 mitta
1855 4507 1905 4583 ad

291 4623 675 4705 accommodatae
705 4624 848 4703 colleite
883 4622 1026 4722 vespera
1048 4623 1216 4721 pulsatur.
1291 4627 1353 4703 Ad
1381 4624 1541 4720 vesperas
1570 4624 1723 4721 Antiph.
1750 4629 1827 4722 qaod
1847 4634 1905 4702 oni

286 4778 323 4828 ra·
347 4751 528 4826 minitaris.»
845 4752 848 4757 ’
901 4758 903 4764 ’
1294 4807 1295 4811 ,
1964 4764 1980 4777 ·‘

1862 4864 1930 4941 h*
