4276 5670
845 389 1264 484 *eomer
1784 360 1865 481 ιιι

245 565 294 642 nd
322 564 482 642 natalem
509 508 660 640 Domini
691 563 833 640 circiter
861 565 1108 641 conficientur.
1174 568 1335 643 neena
1361 525 1470 661 porro
1501 561 1716 661 Oenipoetum
1744 533 1862 661 rsqtse

243 683 371 760 baben
393 683 525 780 potest.
555 684 757 759 dummodo
780 684 952 771 scianms,
983 684 1042 760 cui
1063 682 1167 758 isthic
1192 683 1320 758 charta
1343 683 1591 758 commendari
1613 680 1757 755 debeat.

341 916 507 1014 Religiosr
540 915 592 992 illi
621 919 696 994 duo
719 943 769 994 ex
805 918 1021 994 Monasterio
1060 920 1191 994 Montis
1231 916 1270 992 S.
1304 917 1448 1019 Georgii
1477 915 1542 1012 qui
1568 915 1774 992 nobiscum·
1796 914 1864 990 de·

244 1050 357 1132 ειιιιι,
402 1041 494 1113 bene
521 1037 675 1123 habent
720 1037 870 1153 suntque
901 1037 1113 1134 trabtabiles.
1178 1035 1220 1108 ln
1256 1035 1380 1108 studiis
1419 1056 1565 1130 qnoque
1601 1035 1682 1107 siunt
1716 1033 1863 1128 quidem

248 1155 461 1250 diligentes,
515 1154 575 1227 sed
607 1155 760 1250 negleiti
790 1143 974 1238 videntur,
1018 1177 1103 1229 curn
1127 1154 1305 1251 professus
1336 1164 1460 1227 tantae
1487 1150 1598 1225 aetati
1619 1175 1694 1226 non
1721 1153 1864 1247 respon·

247 1274 344 1347 deat.
395 1273 608 1367 Expediret,
648 1272 675 1345 ιι
702 1272 861 1347 absoluta
886 1270 948 1346 hic
970 1274 1116 1365 regulae
1138 1271 1377 1366 explicatione
1407 1267 1569 1351 brasiis,
1606 1270 1772 1365 quaead
1799 1265 1864 1341 Di·

247 1389 432 1486 sciplinam
462 1389 662 1484 pertinent,
700 1390 879 1486 Dilingnm
908 1390 1155 1474 mitterentur,
1200 1387 1260 1462 vbi
1281 1386 1389 1461 unius
1414 1386 1470 1460 vel
1499 1386 1647 1460 alterius
1676 1386 1762 1460 anni
1790 1385 1864 1481 spa·

246 1510 307 1580 cio
342 1506 536 1582 minimum
565 1530 727 1603 eousque
755 1508 1053 1602 progrederentur
1078 1519 1119 1583 vt
1147 1504 1249 1580 domi
1272 1505 1393 1600 postea
1418 1503 1557 1578 scholae
1581 1527 1708 1580 curam
1728 1503 1864 1579 babere

248 1627 388 1719 possent
415 1637 484 1699 etc
534 1625 685 1699 Transiit
718 1623 788 1697 hac
815 1648 888 1697 non
914 1625 967 1696 ιιι
989 1623 1127 1719 pridem
1152 1624 1317 1716 ejusdem
1346 1623 1477 1697 illontis
1506 1621 1544 1698 S.
1573 1623 1713 1720 Georgii
1735 1622 1866 1696 Monu-
2010 1648 2022 1666 ‘

248 1743 360 1828 chus,
398 1765 446 1816 ex
478 1766 551 1840 quo
582 1742 850 1825 intelleximus,
895 1739 995 1814 ilium
1023 1743 1145 1816 locum
1179 1753 1374 1836 etcumque
1413 1741 1595 1815 abundare
1626 1741 1734 1816 sacris
1766 1739 1867 1814 Reli·

247 1862 364 1959 quiis:
412 1885 484 1957 quo
513 1861 673 1934 sermone
706 1852 897 1933 exhilarati
925 1858 1021 1954 spem
1050 1859 1168 1933 statim
1201 1858 1458 1955 concepimus.
1504 1858 1667 1932 obtinere
1703 1881 1774 1932 nos
1801 1858 1867 1932 ali·
1939 1862 1941 1867 '

249 1980 339 2077 quid
361 1979 474 2074 posse,
509 1976 572 2072 qui
597 1977 731 2072 alioqui
761 1976 800 2049 in
828 1976 898 2048 hac
926 1976 1025 2051 sacra
1051 1977 1264 2073 supellettile
1289 1975 1375 2050 satis
1396 1975 1519 2050 sumus
1543 1999 1728 2075 pauperes.
1787 1976 1867 2052 Sed

249 2098 401 2191 negauit
427 2095 500 2170 sine
530 2094 621 2169 lllmi
647 2117 690 2168 ac
714 2093 801 2169 ami
824 2092 900 2167 Dni
922 2091 1102 2169 Ordinarii
1121 2094 1270 2168 licentia
1291 2094 1428 2191 aliquid
1450 2094 1562 2189 polle,
1587 2118 1697 2191 quam
1724 2093 1868 2171 totti-

248 2237 439 2300 neamus,
486 2212 522 2289 se
556 2236 632 2288 non
668 2211 854 2298 dubitare,
888 2211 978 2309 quin
1010 2213 1116 2287 linus
1152 2211 1236 2286 sutis
1260 2211 1388 2286 Abbas
1421 2223 1568 2308 paratus
1599 2213 1685 2288 esset
1708 2215 1866 2291 futurus.

252 2325 560 2427 Quandoquidem
594 2331 717 2406 sumus
749 2329 916 2422 ejusdem
950 2351 1038 2404 cum
1077 2328 1141 2405 illo
1167 2328 1384 2404 Monasterio
1422 2329 1608 2423 religionis
1643 2331 1770 2406 batres
1802 2331 1864 2409 sub

249 2451 384 2524 eodem
405 2450 443 2523 S.
468 2447 665 2525 Beneditto
686 2449 812 2530 Patre.
843 2471 918 2521 non
940 2445 1048 2522 video
1071 2446 1162 2544 quid
1181 2446 1317 2530 obstet,
1348 2469 1421 2543 quo
1443 2447 1566 2522 minus
1589 2447 1683 2522 baec
1705 2448 1869 2545 spiritua·

250 2567 302 2645 lia
326 2567 420 2641 bona
443 2590 519 2639 non
543 2565 654 2640 etiam
680 2566 806 2661 poffint
835 2566 933 2641 inter
962 2588 1032 2640 nos
1060 2563 1129 2639 etse
1158 2567 1378 2641 communia.
1452 2565 1574 2650 Quare
1593 2566 1733 2643 obnixe
1757 2589 1867 2661 rogo.

251 2699 294 2762 vt
320 2684 417 2757 hanc
451 2706 475 2756 ιι
499 2681 588 2755 Cels
591 2683 718 2758 tudine
742 2685 803 2759 sua
826 2683 934 2758 nobis
959 2693 1059 2777 petat
1084 2685 1129 2765 dt
1156 2683 1326 2780 impetret
1347 2683 1551 2759 Licentiam
1577 2685 1747 2816 exemplo
1771 2684 1870 2762 Rmi.

252 2801 338 2879 Dni.
374 2800 455 2895 Epi.
492 2799 653 2899 Coriensn
683 2803 722 2878 ιι
747 2800 901 2875 aliorum
926 2810 1131 2899 praeterea,
1172 2826 1195 2876 ιι
1223 2801 1354 2899 quibus
1381 2800 1531 2876 similem
1558 2803 1766 2898 accepimus
1788 2827 1871 2899 gra·

252 2920 347 2994 tiam
370 2917 598 3022 spiritualem.
648 2917 781 3011 Debito
807 2918 964 3003 honore,
995 2912 1169 3014 quidquid
1199 2916 1401 3024 concessum
1436 2920 1483 2995 &
1500 2920 1629 2994 datum
1654 2921 1783 3004 buerit
1808 2923 1872 2998 dc·

254 3036 477 3120 curabimus
516 3045 626 3129 prout
651 3034 869 3109 Monacsoii
856 3057 929 3128 pam
957 3034 1166 3111 desasto!
1127 3015 1256 3132 aliquot
1278 3034 1357 3110 Ises
1344 3038 1487 3130 rquicria
1504 3037 1588 3134 fieri
1610 3062 1779 3126 caranus,
1812 3039 1873 3117 sed

252 3153 378 3250 perfici
405 3153 554 3228 omnino
582 3167 790 3249 nequeunte
834 3153 930 3250 quod
958 3153 1080 3227 adbuc
1105 3154 1352 3230 defiderentur
1388 3152 1525 3248 aliquot
1562 3152 1752 3253 reliquiae
1802 3178 1909 3233 nec.

254 3272 411 3402 amplius
439 3267 588 3370 Seremff
587 3297 672 3343 nrum
696 3271 824 3345 Ducem
858 3269 1066 3345 &cilicinum
1093 3271 1311 3377 compellare
1339 3270 1536 3356 audemus,
1571 3293 1661 3346 cum
1694 3272 1755 3348 sua
1781 3274 1874 3348 sere·

255 3389 354 3464 nitas
379 3388 415 3460 in
441 3390 597 3484 quodam
619 3387 698 3462 Rrs
685 3391 824 3484 rqaicrro
849 3414 893 3460 nn
896 3401 948 3462 teo
896 3389 1096 3465 tibidom
1112 3391 1226 3488 satio,
1262 3402 1301 3464 vt
1324 3388 1362 3465 δι
1383 3387 1491 3472 alias
1526 3372 1710 3466 liberalem
1737 3391 1772 3467 se
1800 3392 1874 3468 val·
1975 3380 1982 3389 ⁸

255 3510 305 3581 de
339 3505 553 3580 exhibuerit
603 3508 708 3580 Rma.
736 3505 780 3580 D
804 3507 845 3584 V
867 3505 916 3590 fi.
940 3518 980 3582 ιι
1008 3488 1124 3613 spero,
1160 3508 1285 3581 literas
1311 3507 1401 3581 ad
1387 3529 1463 3600 ram
1491 3507 1627 3596 ditium
1647 3508 1773 3584 Duum
1799 3512 1875 3587 Ab
1933 3508 1936 3513 ’

256 3627 377 3700 batem
393 3621 543 3720 praefati
571 3623 779 3698 Monalterii
801 3650 823 3698 a
845 3627 906 3701 sua
925 3624 1143 3700 eetfitudine
1157 3625 1378 3711 obtinuerit,
1401 3648 1464 3698 eas
1479 3625 1551 3700 huc
1570 3647 1635 3722 per
1652 3626 1875 3708 occasionem

256 3744 405 3819 mittere
424 3741 586 3837 poterit,
630 3765 721 3837 quos
754 3743 887 3817 deinde
919 3764 983 3838 per
1021 3736 1206 3839 proprium
1242 3741 1430 3818 hominem
1444 3733 1452 3745 ⁸
1466 3742 1681 3838 praesentari
1720 3747 1875 3837 curabo,

256 3874 300 3938 vt
326 3886 370 3934 eo
398 3860 613 3935 securius&
637 3858 765 3953 majori
795 3883 880 3935 cum
908 3860 1126 3935 Reuerentia
1153 3860 1326 3957 reliquiae
1356 3863 1403 3935 ad
1431 3884 1499 3933 nos
1519 3862 1753 3955 perferantur.
1803 3867 1877 3942 Be-

257 3979 430 4054 nescium
457 3977 528 4049 boc
550 3990 697 4051 aeterna
722 3978 897 4052 memoria
933 3977 1234 4073 praedicabimus.
1307 3978 1437 4055 Valeat
1474 3977 1511 4051 in
1542 3976 1682 4054 Christo
1706 3968 1872 4062 feliciter.

257 4099 318 4172 Ex
343 4095 492 4173 lllonalb
517 4095 751 4189 Weingarten
779 4120 834 4172 12.
858 4095 955 4181 xbris
985 4119 1082 4171 anno
1106 4119 1142 4191 9.
1196 4096 1242 4172 R.
1266 4095 1313 4173 D.
1341 4098 1384 4176 V.
1405 4095 1671 4174 studiosiffirnus
1700 4101 1742 4176 in
1761 4103 1876 4181 choro

256 4216 299 4293 F.
326 4213 504 4309 Georgius
527 4214 663 4290 Abbas

356 4448 606 4544 Responsorias
629 4470 651 4521 a
674 4447 877 4546 Praepofito
898 4448 1102 4527 cathedrali
1127 4450 1267 4548 accepit
1290 4449 1327 4525 in
1352 4448 1449 4527 hanc
1472 4450 1685 4531 sententiam
1711 4451 1876 4550 scriptas.

257 4566 564 4646 Reuerendiffime
590 4564 770 4649 Domine,
801 4567 960 4643 Domine
983 4554 1179 4665 plurimum
1210 4571 1437 4645 observande.
1494 4570 1627 4668 Sesqui
1657 4569 1790 4647 Menfis
1815 4597 1878 4653 vo·

257 4668 391 4775 luitur,
411 4710 463 4764 ex
483 4710 555 4784 quo
577 4683 716 4761 litteras
738 4684 1065 4765 Reuerendislimae
1081 4670 1352 4765 Dominationis
1381 4689 1516 4767 veſtrae
1548 4688 1697 4789 accepi.
1736 4714 1878 4789 necque
1998 4738 2006 4745 -

1765 4829 1879 4906 penes
