4276 5670
876 368 1299 483 smmi
1572 380 1578 400 “
1829 393 1947 474 ua·

270 568 500 656 sacerdotali,
517 569 712 668 ¹vitamque
741 589 865 666 gerere
890 566 1091 645 clericalem
1118 567 1157 645 ἃ
1186 563 1394 652 honestam,
1438 561 1477 639 dt
1510 585 1532 636 a
1558 551 1675 637 Ludis
1707 556 1834 637 vetitis
1861 557 1902 637 dr

271 691 701 789 ingressu-tabernarum,
740 686 805 764 nili
829 688 978 764 honesta
1009 688 1125 763 caussa
1158 685 1346 770 snbsuerit,
1385 681 1577 769 abstinere,
1612 705 1685 755 nec
1707 678 1836 776 quauis
1861 676 1908 750 in·
2052 680 2062 693 “

269 813 405 901 domu,
428 811 487 888 vel
507 808 671 908 expensis
695 808 765 883 suis
788 807 1044 890 concubinam,
1074 805 1131 882 vel
1151 805 1339 896 mulierem
1357 803 1546 900 suspetiam
1570 800 1714 874 babere.
1764 797 1805 872 ln
1821 795 1907 895 qui·-

231 992 242 1002 .
266 932 357 1019 bus,
381 932 442 1007 seu
456 944 610 1028 quorum
625 929 760 1013 altem,
786 927 843 1003 vel
871 926 941 1000 alio
963 928 1075 1002 modo
1099 947 1329 1023 quocumque
1351 923 1624 1020 delinquentes,
1650 918 1776 994 saltem
1797 938 1909 993 enos·-

265 1050 395 1139 miter,
427 1046 653 1143 praepositus
682 1051 721 1126 dt
744 1046 920 1122 Canonici
942 1046 1112 1141 praedisii
1136 1044 1262 1143 possint
1281 1060 1337 1140 prr
1356 1046 1559 1117 Ordinon'mn
1578 1039 1657 1113 Lnn'
1670 1060 1788 1135 poena
1815 1061 1901 1112 can·

266 1171 393 1256 onica,
417 1179 524 1265 prout
538 1168 694 1264 qualitas
709 1167 868 1241 excessus
883 1165 1061 1261 exegerit,
1085 1148 1294 1262 punirisrue
1317 1161 1489 1239 muldari.
1542 1160 1617 1234 Sed
1635 1157 1678 1247 fi,
1695 1160 1733 1235 dt
1756 1158 1902 1256 quoties

271 1288 461 1383 continget
475 1287 591 1362 didos
607 1286 851 1381 Praepositum
867 1286 906 1363 dr
921 1285 1131 1382 Capitulum
1150 1281 1223 1357 sue
1245 1281 1452 1358 Canonicos
1469 1293 1593 1355 contra
1611 1277 1777 1374 personas
1793 1299 1902 1374 quas·
1927 1290 1930 1295 '

268 1431 427 1504 cumque
448 1406 742 1504 prosdefensrone
760 1407 819 1478 sen
838 1404 1111 1502 recuperatione
1130 1403 1270 1501 Jurium
1288 1402 1362 1485 siue
1383 1402 1560 1477 bonorum
1584 1399 1701 1475 dislae
1723 1394 1901 1472 Ecclesiae

267 1504 485 1622 iudicialiter
507 1526 681 1622 experiri,
717 1525 775 1600 vel
791 1526 904 1600 etiam
924 1539 1027 1598 extra
1053 1521 1272 1619 judicialiter
1291 1520 1481 1617 placitare,
1512 1521 1550 1595 id
1566 1519 1643 1594 sieri
1668 1518 1778 1598 debet
1801 1538 1910 1592 com·-

269 1646 441 1722 munibns
459 1643 632 1720 sumtibus
652 1648 691 1724 dr
704 1642 867 1742 expensis
888 1643 1053 1737 eiusdem
1066 1641 1266 1724 Ecclefiae,
1284 1638 1356 1713 fine
1373 1639 1531 1737 Capituli
1549 1639 1731 1735 praedicti.
1782 1635 1824 1713 Si
1839 1657 1902 1713 ve-

268 1788 311 1843 ro
336 1764 432 1861 inter
464 1765 618 1838 eosdem
638 1762 881 1860 Praepofitum
907 1767 946 1840 <ir
966 1762 1175 1865 Capitulum
1193 1759 1488 1836 srueCanonicos
1506 1760 1748 1837 communiter
1772 1757 1830 1836 vel
1845 1755 1902 1832 di·

270 1882 372 1959 uilim
397 1906 445 1957 ex
467 1905 556 1969 vna,
589 1885 629 1960 dr
652 1904 918 1979 quemcumque
943 1883 1002 1958 seu
1027 1903 1281 1980 quoscumque
1308 1879 1479 1975 subjettos
1501 1879 1585 1955 didi
1607 1878 1738 1963 Casiri,
1772 1879 1831 1953 seu
1854 1877 1917 1952 ad-

271 2003 383 2100 ipsum
396 2000 562 2076 castrum
573 2001 797 2096 pertinentes
816 2024 863 2074 ex
879 2001 1010 2085 altera,
1034 2000 1135 2100 super
1149 2024 1205 2088 re,
1231 2000 1290 2075 seu
1310 2025 1358 2072 ex
1379 1997 1494 2075 caussa
1513 2020 1740 2096 quacumque
1758 1998 1914 2074 contin·

272 2135 371 2217 geret
393 2120 479 2199 oriri
493 2119 684 2194 materiam
706 2119 943 2216 quaestionis,
967 2121 1180 2215 hujusmodi
1205 2119 1364 2216 quaestio
1384 2117 1499 2216 primo
1520 2119 1650 2192 deserti
1666 2120 1775 2206 dcbet
1796 2120 1841 2192 ad
1859 2117 1902 2189 il·

273 2242 367 2329 lum,
392 2240 453 2314 seu
475 2240 522 2313 ad
540 2238 620 2312 illos
642 2239 680 2313 in
703 2262 857 2335 quorum
875 2238 1049 2315 Dominio
1071 2240 1208 2315 ditium
1223 2237 1386 2314 Callrum
1414 2249 1504 2315 tunc
1530 2238 1668 2322 existit,
1695 2237 1814 2313 srfieri
1838 2261 1903 2334 po-

256 2358 355 2446 test,
384 2354 595 2454 hujusmodi
616 2358 773 2455 quaestio
789 2358 967 2436 amicabili
984 2357 1242 2456 compositione
1260 2359 1360 2434 licito
1381 2361 1493 2436 modo
1515 2358 1724 2438 &honesto
1745 2344 1901 2456 sopiatur

232 2478 566 2559 ·&terminetur.
622 2475 821 2575 alioquin
841 2478 872 2551 -sr
902 2478 1082 2556 amicabili
1113 2477 1373 2576 compositione
1400 2480 1587 2559 terminari
1607 2505 1680 2555 non
1712 2479 1829 2580 pollit,
1853 2477 1901 2555 ad
2048 2571 2049 2576 Ν
2099 2487 2105 2493 “

273 2596 555 2676 Ecclesiasticum
587 2596 755 2695 Judicem
784 2619 848 2693 pro
875 2598 1085 2694 hujusmodi
1123 2600 1342 2697 quaestionis
1369 2600 1548 2676 decissone
1579 2603 1740 2678 recurllrs
1768 2600 1918 2674 habea--

277 2730 342 2795 tur.
393 2761 443 2774 -
491 2758 542 2774 ·-
590 2757 640 2773 -
688 2757 737 2773 -
788 2717 978 2794 Praemissa
1009 2741 1094 2813 ergo
1126 2720 1274 2794 Statut'a
1297 2723 1335 2798 dr
1368 2720 1625 2795 Ordinationes
1660 2743 1729 2794 nos
1759 2720 1901 2818 Joanuer
1995 2798 1997 2802 .

278 2836 384 2914 Acon
422 2839 468 2924 s?
509 2835 734 2934 Commffarr'us
776 2836 1072 2934 praenominatus
1112 2839 1341 2917 Austoritate
1380 2840 1586 2935 Apostolica
1625 2839 1804 2938 praedisla
1844 2838 1901 2913 in·

234 2965 238 2971 “
279 2977 473 3044 muamus,
511 2954 769 3052 adprobamus,
814 2955 852 3031 δι
886 2968 927 3034 vt
954 2957 1182 3056 praemissum
1216 2959 1283 3046 est,
1325 2959 1533 3058 Apostolico
1563 2957 1767 3035 munimine
1795 2960 1901 3034 robo-

280 3097 398 3153 ramus
398 3115 802 3149 -----
815 3132 819 3138 ,
874 3116 897 3135 ·
970 3119 972 3122 >
1210 3114 1214 3119 ·
1614 3108 1615 3113 Ν

276 3318 301 3407 j
369 3315 474 3398 Quae
503 3298 587 3391 'asta
622 3315 702 3407 sunt
738 3314 776 3388 in
815 3310 946 3407 Eccbsra
988 3317 1234 3393 Bettmlranneo
1265 3317 1477 3417 praescripta
1514 3319 1575 3394 sub
1615 3298 1710 3394 ann'o
1750 3300 1901 3394 Domini

281 3432 469 3515 Msslesrmo
492 3433 744 3508 trecentesimo
766 3433 1005 3542 Nonagefimo
1031 3426 1167 3512 nonm-
1191 3438 1430 3515 pontificatus
1454 3436 1666 3517 Sanstillimi
1695 3437 1730 3513 in
1759 3436 1900 3514 Chrislo
2018 3483 2021 3488 ·
2120 3474 2123 3483 ·

282 3552 395 3630 Patris
425 3552 464 3628 δι
496 3551 646 3628 Domini
678 3550 785 3635 nollri
814 3552 963 3627 Domini
989 3554 1169 3631 Bonifatii
1194 3557 1329 3633 Diuina
1358 3560 1601 3636 Prouidentia·
1632 3559 1753 3655 Papae
1784 3557 1900 3645 Noni,

283 3695 374 3747 ωηο
404 3669 576 3756 Decimo,
602 3670 649 3744 de
675 3670 798 3765 Mense
825 3673 943 3770 Aprili
972 3675 1077 3753 seria
1102 3676 1257 3752 secunda
1284 3679 1343 3753 seu
1368 3678 1428 3753 die
1449 3679 1595 3765 Lunae,
1627 3679 1775 3775 septima
1797 3681 1901 3756 blen-

283 3789 325 3867 srs
345 3791 533 3904 ejusdem,
555 3788 647 3863 hora
674 3789 863 3903 Nonarum
889 3791 947 3867 vel
978 3795 1086 3890 qnasi.
1138 3797 1384 3872 Praesentibus
1414 3786 1683 3874 honorabilibus
1713 3799 1750 3875 &
1773 3800 1900 3891 discre-

283 3909 328 3988 tis
355 3910 454 3990 Viris
476 3906 646 3985 Dominis
668 3908 838 3985 Conrado
866 3913 961 3988 disto
985 3911 1230 4012 Schtirpsysen
1257 3916 1294 3989 in
1322 3915 1549 4004 Psulendors,
1574 3941 1736 3993 necnon
1760 3920 1901 4017 Joanne

286 4027 421 4106 Zemler
445 4029 482 4102 in
512 4027 675 4113 Suldors,
714 4054 757 4105 ac
786 4031 906 4109 Vlrico
932 4033 969 4107 in
995 4033 1184 4118 lhneosee,
1210 4037 1311 4132 saepe
1338 4016 1454 4114 distae
1481 4036 1761 4114 Constantienfis
1780 4014 1928 4114 Dine?

287 4145 366 4223 celis
393 4146 632 4223 Ecclesrarum
663 4149 872 4230 Rettoribus
912 4150 972 4225 seu
1001 4153 1186 4242 PlebaniS‚
1235 4158 1272 4233 dr
1306 4156 1386 4230 aliis
1419 4180 1528 4255 quam
1555 4157 1715 4256 pluribus
1742 4160 1901 4257 personis

287 4264 354 4341 fide
377 4266 495 4362 dignis
519 4267 665 4375 testibus
695 4270 741 4344 ad
766 4269 952 4366 praemissa
976 4273 1117 4351 vocatis
1145 4275 1343 4371 specialiter
1368 4275 1575 4374 &rogatis
1617 4334 1622 4343 .

375 4505 425 4582 Et
451 4524 520 4601 ego
552 4509 682 4581 Petrus
720 4507 937 4604 Engelhard,
979 4510 1143 4589 Clericus
1181 4514 1488 4612 Moguntinenfis,
1521 4516 1691 4614 publicus
1722 4516 1902 4617 imperiali

300 4622 508 4752 budoritate
535 4625 727 4702 Notarius:
759 4630 844 4724 quia
866 4631 1157 4729 praescriptarum
1188 4633 1368 4711 literarum
1397 4627 1677 4735 Apostolicorum
1704 4641 1902 4737 praesenta·
1946 4625 1951 4636 ⁶

303 4743 393 4829 troni,
416 4744 615 4867 receptioni
642 4747 889 4847 repetitioni,
914 4752 1102 4852 distaeque
1128 4753 1306 4833 Ecclefiae
1332 4757 1372 4834 in
1403 4759 1705 4839 Bettenbrunnen
1732 4760 1770 4835 in
1797 4759 1903 4834 colle·
1975 4810 1982 4825 ,

453 4900 459 4911 ¹
1161 4871 1196 4949 U
1421 4891 1429 4900 ·
1625 4940 1629 4945 .
1766 4880 1927 4976 giatam‘
2031 4908 2033 4912 ·
