4276 5670
685 396 1104 492 empse
1141 421 1145 429 ·
1634 407 1704 485 ¹13
1753 422 1757 431 ·

72 577 183 655 cione
205 575 315 653 solita.
367 573 423 652 lit
436 572 541 676 fermo
564 575 606 649 ul
626 581 780 673 populum.
833 553 1036 650 Precedunt
1061 570 1171 670 aliqui
1198 577 1366 648 cantores
1392 568 1453 670 qui
1482 542 1585 669 cappis
1604 573 1705 648 induti

72 708 302 775 conuentum
330 693 519 793 suscipiant
544 717 631 770 cum
658 694 759 773 versu
783 696 891 769 Glrrr'a
914 735 963 751 -
996 693 1076 769 Poll
1103 695 1288 769 modicum
1315 714 1402 771 cum
1424 692 1514 767 Aut.
1543 688 1631 779 Ante
1644 697 1706 792 serr

73 818 143 890 dies
174 856 222 872 -
255 814 377 891 exitur
404 813 452 891 de
482 812 652 888 oratorio.
727 815 909 890 Secuntur
943 812 1158 910 responsoria
1199 833 1309 907 usque
1346 812 1395 886 ad
1423 812 1570 911 sturionis
1597 818 1706 890 11111111.

74 932 231 1010 Preditti
255 946 380 1009 autem
408 939 619 1028 sudoresque·
650 940 809 1008 corardus
831 933 909 1026 surrt
944 931 1096 1027 occursari
1124 941 1244 1024 occepm
1270 953 1374 1014 cruce,
1415 940 1523 1026 prout
1559 942 1704 1028 tempus

73 1050 237 1130 viderint
264 1050 447 1148 progressi,
474 1061 616 1126 tantam
643 1051 749 1148 spacii
777 1049 1007 1126 latitudinem
1044 1050 1082 1125 in
1110 1048 1233 1123 medio
1257 1047 1317 1122 srbi
1345 1048 1506 1126 inuicem
1532 1071 1704 1124 occuren-

73 1171 178 1245 cium
200 1171 434 1270 prouiderunt,
475 1179 516 1244 vt
541 1173 579 1247 dr
601 1172 637 1244 in
676 1170 761 1244 serie
792 1168 1063 1255 versrculorum,
1105 1170 1194 1244 dum
1228 1168 1399 1243 alterutra
1429 1189 1512 1264 pars
1554 1165 1702 1275 vicillrm

75 1298 222 1376 cantat,
247 1289 361 1364 altera
390 1287 547 1383 spacium
579 1289 800 1384 procedendi
832 1289 982 1366 habeat:
1025 1291 1062 1365 81
1100 1298 1224 1363 tamen
1254 1287 1330 1385 post
1352 1286 1463 1364 linem
1491 1288 1705 1366 eorumdem

78 1404 333 1484 veruculomrn
368 1407 515 1505 aliquod
539 1407 771 1484 interuallum
799 1418 994 1482 remaneat.
1070 1408 1167 1481 Nam
1193 1407 1382 1504 postquam
1410 1407 1449 1481 iu
1475 1405 1603 1483 vltima
1626 1405 1706 1485 rice

76 1531 182 1621 gloria
202 1533 272 1601 loru
306 1550 327 1600 a
352 1525 559 1601 cantoribus
599 1529 794 1624 repetitum
821 1531 858 1604 &
889 1550 912 1600 a
941 1536 1125 1600 conuentu
1152 1524 1189 1599 in
1222 1549 1267 1599 eo
1294 1527 1403 1602 verbo
1436 1527 1481 1614 δ’
1508 1520 1602 1601 low
1640 1549 1705 1602 ex·

78 1657 228 1742 ceptum
259 1646 306 1721 ad
339 1645 450 1720 finem
473 1646 696 1741 perducitur,
721 1647 818 1721 idern
845 1658 1011 1720 cantores
1034 1644 1272 1739 antiphonam
1296 1647 1495 1741 lisgerdr‘lur
1515 1651 1629 1741 patrm
1652 1688 1704 1707 -
1800 1656 1808 1669 “

78 1762 298 1839 inchoantes
321 1785 385 1860 per
412 1764 447 1837 se
468 1789 515 1837 ex
539 1773 618 1838 toto
642 1764 793 1850 liniunt,
827 1765 886 1840 sed
918 1764 1017 1858 prius
1047 1763 1095 1837 ad
1125 1761 1196 1837 hoc
1230 1763 1370 1860 prouilo
1410 1764 1524 1862 tapeti
1557 1763 1610 1839 in‘
1635 1767 1706 1863 pri·

81 1883 227 1959 mordio
248 1882 462 1983 Antiphone
487 1894 573 1958 aute
598 1884 709 1980 pedes
730 1906 858 1960 eorum
883 1881 1038 1980 expanso
1060 1881 1099 1956 iu
1127 1883 1237 1959 verbo
1259 1885 1478 1980 prosternimur
1502 1924 1552 1941 -
1574 1884 1622 1959 ad
1641 1904 1707 1980 ge·

80 2025 159 2079 uua
179 1990 327 2079 reniam
350 2009 499 2098 petunt,
523 2004 619 2099 quod
645 2005 682 2081 ἃ
707 2003 825 2080 cunei
855 2003 890 2077 se
913 1990 1132 2077 comitantes
1151 2000 1310 2086 faciunt.
1342 2024 1499 2100 moxque
1525 2003 1706 2098 resurgen-

82 2130 142 2199 tes
170 2144 255 2198 eam
288 2119 472 2195 cantando
511 2120 658 2197 obuiam
687 2124 906 2219 procedunt,
944 2124 982 2199 dc
1013 2121 1067 2195 ita
1094 2121 1132 2195 in
1168 2119 1280 2195 linem
1318 2121 1516 2217 antiphone
1540 2123 1707 2218 ejusdem

83 2228 293 2341 proceffioui
321 2239 358 2313 in
379 2239 528 2327 sonte,
550 2241 590 2316 id
617 2241 668 2317 est
691 2242 767 2340 post
789 2247 938 2337 reliquias,
945 2243 1122 2338 stamnum
1145 2237 1323 2335 jungunt,
1355 2243 1613 2339 consequenter
1637 2243 1707 2319 im·

85 2360 189 2460 ponit
210 2369 374 2459 precursor.
395 2358 483 2433 Ant
520 2358 697 2435 Ocurrrurrt
720 2365 818 2438 saulo
894 2360 1001 2445 Quod
1035 2357 1060 2432 sr
1090 2369 1172 2433 terre
1190 2358 1362 2455 sordidius
1389 2363 1618 2456 prostrationem
1647 2386 1707 2437 norr
1791 2362 1793 2367 ’

81 2491 227 2580 pastro,
249 2500 320 2555 nec
329 2478 523 2574 Qouilus
548 2477 713 2555 canitur.-
747 2524 798 2539 -
845 2521 896 2539 -
944 2522 994 2538 -
1049 2479 1217 2555 Traslum
1242 2476 1342 2551 solito
1363 2498 1465 2552 more
1493 2478 1708 2576 percantant

87 2599 159 2676 1111.
179 2582 361 2695 cantores:
407 2599 509 2676 Ante
532 2598 680 2676 titulum
700 2601 863 2698 paffionis
882 2600 1016 2676 dicitur
1035 2598 1188 2672 Drmr'ruu
1212 2599 1382 2691 vulsum.
1408 2600 1507 2697 quod
1533 2603 1571 2675 dc
1592 2599 1629 2674 in
1651 2622 1711 2675 ce·

46 2800 52 2807 ,
89 2717 177 2795 teris
202 2717 465 2794 obseruandum
487 2717 557 2802 est,
583 2715 649 2790 nisr
677 2732 819 2794 tantum
845 2728 879 2794 r'rr
899 2719 1070 2816 pnrrfrrur.
1134 2716 1189 2793 lta
1214 2716 1315 2793 enim
1338 2715 1580 2816 scriptumest
1603 2726 1637 2796 r‘n
1657 2738 1710 2794 or·

91 2840 157 2914 line
168 2835 351 2936 pudiiralr'.
402 2839 511 2915 Gloria
533 2842 590 2914 rur·
612 2840 728 2916 domae
751 2863 826 2915 non
851 2836 1109 2936 subjungimus.

94 3162 99 3171 ¹
185 3072 428 3175 Διί-1111111111
451 3074 489 3153 δι
509 3073 693 3175 assuendum
724 3068 806 3177 qua‘
818 3078 950 3175 frondes
965 3078 1022 3176 seu
1048 3084 1130 3152 rami
1146 3081 1321 3174 palmarum
1343 3079 1464 3155 11111111
1484 3071 1641 3154 smlomu
1661 3073 1710 3171 οἱ·

85 3192 251 3291 Imm,
278 3217 409 3271 omues
440 3195 576 3272 debent
604 3199 741 3285 adesse,
764 3222 833 3274 nec
854 3199 1045 3296 quisquam
1072 3195 1178 3274 vllius
1207 3197 1419 3273 obediencie
1439 3196 1624 3273 occasrone
1649 3197 1713 3272 de·

93 3312 169 3391 elle.
221 3314 369 3411 Dravus
392 3310 503 3390 Auo
527 3317 584 3392 vel
618 3317 769 3415 quilibet
797 3317 935 3394 missam
965 3325 1117 3391 cantans
1144 3314 1301 3413 primum
1333 3316 1432 3391 suam
1464 3316 1597 3393 deinde
1624 3314 1712 3389 alio·
1786 3358 1791 3366 ,

94 3456 172 3511 mm
201 3432 342 3532 palmas
356 3429 417 3525 fili
432 3450 492 3529 per
519 3436 648 3529 oseulurr
678 3463 788 3512 marrus
811 3442 926 3513 duras
954 3437 1084 3512 eodem
1128 3434 1254 3509 ordine
1284 3442 1335 3531 qus
1365 3441 1398 3511 irr
1424 3435 1639 3533 persicarum
1675 3437 1711 3510 S.

96 3552 202 3627 Mario
236 3560 271 3627 in
300 3549 451 3650 uffomdo
476 3557 615 3627 candelos
641 3558 827 3656 prescriptus
849 3561 908 3650 esi,
923 3559 1054 3654 srrcrr'lle
1075 3560 1114 3628 orl
1137 3559 1268 3648 gradum
1295 3558 1405 3630 reddit.
1456 3555 1537 3632 Post
1556 3555 1713 3631 oblacio·
1777 3644 1780 3649 ¹

28 3762 32 3767 ,
96 3692 178 3749 uem
202 3670 404 3768 palmarum
436 3670 601 3749 sacerdos
631 3673 716 3751 lotis
747 3677 916 3755 manibus
942 3683 1062 3751 coluem
1090 3673 1241 3774 accipin
1283 3676 1441 3773 prefacio
1475 3679 1512 3751 dr
1545 3698 1632 3751 cruca
1655 3692 1714 3772 per

98 3778 302 3889 lurqru'oqru
323 3793 387 3865 lus
412 3791 556 3868 dicitur.
605 3793 668 3870 Ad
687 3795 796 3872 horas
823 3799 859 3870 dr
872 3793 999 3892 paffirrre
1023 3798 1136 3869 domini
1162 3794 1351 3870 oraciones
1377 3794 1587 3873 recitantur.
1637 3797 1713 3882 Pop

96 3912 256 4009 proaiirm
275 3910 317 3982 ad
346 3910 434 3983 letior
462 3902 547 3984 sonu
564 3915 741 4007 presulum,
775 3913 925 3995 ministri
955 3914 1076 3988 mense
1104 3914 1194 3991 curu
1210 3913 1296 3990 Psal.
1323 3914 1371 3989 ad
1393 3917 1432 3991 S.
1457 3917 1573 3992 Marie
1594 3928 1713 3991 orato·
1844 3982 1849 3993 .

49 4044 52 4049 '
101 4026 201 4105 num.
259 4026 323 4104 Ad
350 4027 475 4105 sonum
489 4030 572 4127 susle
597 4033 726 4109 fratres
756 4033 905 4110 excitati
938 4054 1069 4107 manus
1097 4032 1222 4108 lauant
1257 4032 1295 4110 δι
1317 4042 1419 4127 capito
1444 4040 1616 4130 pultona.
1653 4033 1714 4108 lic-

104 4168 168 4245 que
203 4145 241 4221 in
275 4144 425 4222 chorum
461 4148 648 4223 venientes
686 4152 829 4229 sessioni
861 4163 993 4228 vacant
1016 4173 1203 4250 quousque
1232 4150 1369 4247 sgnum
1400 4154 1448 4228 ad
1478 4175 1613 4231 nonam
1652 4176 1716 4226 au·

104 4265 210 4341 diunt.
259 4266 342 4349 Quo
370 4265 545 4362 paulisper
575 4269 711 4364 pulsato
738 4273 780 4348 lit
799 4273 939 4358 oracio,
973 4273 1011 4347 dr
1040 4269 1135 4365 srgno
1164 4272 1303 4347 dimisso
1327 4271 1451 4369 incipit
1476 4296 1583 4350 oona.
1636 4271 1746 4369 Poll

106 4406 232 4462 nonam
253 4406 357 4479 aqva
371 4392 569 4481 ‘propinatur
588 4396 622 4463 r'rr
650 4390 820 4484 refcslrrr'o.
871 4394 909 4471 dc
934 4391 1005 4466 hoc
1035 4391 1153 4486 agitur
1183 4415 1277 4488 osque
1303 4401 1337 4466 r'rr
1364 4394 1434 4470 su
1461 4397 1618 4480 anlris,
1654 4416 1716 4468 ex·

77 4504 214 4603 septis
236 4503 369 4582 diebus
390 4503 429 4580 in
454 4503 586 4604 quibus
603 4509 693 4604 [rous
718 4511 911 4590 reficimus.
960 4552 1009 4571 -
1057 4551 1107 4567 -
1154 4548 1205 4567 -
1419 4508 1424 4513 ’

966 4868 1002 4946 l’
