4276 5670
116 364 327 472 ,ert
522 315 735 353 '⁷
854 374 1273 468 emme

253 549 407 642 „Taceo
443 570 519 627 non
556 571 677 626 carere
714 571 783 624 nos
814 551 972 647 periculo
1015 554 1259 650 proditionum
1296 574 1376 652 per⁵
1392 552 1641 642 Confiiiarios,
1679 553 1888 652 militesque

257 669 496 773 „Caluiniflun
545 671 725 746 Putantur
753 679 876 745 tamen
904 670 975 746 hoc
997 696 1094 748 enno
1114 695 1173 748 res
1205 673 1345 748 nostrae
1372 673 1408 748 in
1444 674 1602 773 Vngoriu
1631 673 1786 750 feliciter
1810 678 1886 752 suc·

135 802 141 807 ’
254 791 457 879 „ceiiurae,
492 813 575 867 cum
602 789 721 888 aliquo
751 789 924 866 nimirum
960 792 1137 888 progreiiu
1167 791 1308 868 fortasse
1333 792 1467 867 Budum
1495 816 1608 891 usque
1636 805 1701 869 aut
1734 794 1782 870 ud
1814 793 1905 872 At:

254 908 361 1001 „bum
385 911 538 1010 regalem.
597 909 700 994 Quae
730 908 812 984 loca
842 911 889 985 ad
922 911 1154 988 Autumnum
1190 915 1442 996 tentabuntur,
1481 909 1546 987 nifi
1599 910 1710 987 Turcu
1747 936 1882 1008 magno

254 1030 436 1125 „omnino
460 1053 613 1106 numero
640 1040 767 1103 contm
795 1041 976 1117 occurrat,
1001 1033 1097 1128 quod
1124 1044 1250 1107 tamen
1279 1032 1440 1108 futurum
1463 1056 1535 1108 non
1560 1044 1734 1129 putatur,
1768 1057 1880 1130 quum

255 1160 405 1238 „totam
430 1149 529 1226 suam
554 1149 630 1229 vim
653 1147 691 1222 in
720 1145 947 1236 Vuiiuciu‘am,
973 1151 1140 1228 adversus
1170 1149 1415 1253 Truusuiuuuos
1441 1152 1676 1228 conuersurus
1704 1152 1881 1230 videatur.

255 1269 327 1359 „Si
355 1270 407 1345 ita
428 1280 554 1367 agetur
581 1267 641 1344 iub
668 1267 844 1362 hyemem
878 1269 1022 1346 dabitur
1047 1293 1157 1368 opera
1189 1274 1434 1368 recuperando
1462 1269 1646 1357 Taurino,
1686 1273 1785 1370 quod
1816 1296 1882 1369 per

232 1389 433 1494 ,seipsum
454 1386 625 1466 obseisurn
650 1397 777 1462 menet
800 1389 846 1465 ob
874 1388 1046 1466 diuturna
1070 1413 1190 1476 arma,
1214 1391 1408 1487 graniaque
1433 1391 1568 1467 damna
1588 1391 1669 1486 ejus
1692 1390 1878 1487 Regionu

257 1510 358 1600 „hac
381 1508 512 1585 aestate
539 1505 648 1582 illata.
662 1517 673 1521 ”
698 1507 823 1604 Atque
844 1508 937 1583 haec
955 1511 1003 1584 de
1029 1503 1188 1611 Vugoriu
1206 1512 1456 1606 cogitationes,
1493 1553 1544 1577 -·-
1591 1551 1641 1567 -
1670 1510 1710 1586 ln
1741 1510 1879 1591 Crontiu

256 1630 389 1720 „fieret
411 1627 548 1725 aliquid
577 1624 792 1722 Progreiius,
825 1628 937 1704 etium
966 1627 1117 1729 Sigerum
1136 1653 1274 1729 usque,
1306 1629 1493 1730 fi'aliquid
1523 1628 1661 1708 subsidii
1686 1633 1725 1709 tic
1750 1630 1879 1728 opica

253 1750 436 1839 „Caesare
468 1746 803 1831 subministraretur,
835 1747 895 1824 sed
925 1770 1044 1847 neque
1076 1751 1233 1850 pecunie
1260 1751 1376 1839 adest,
1408 1773 1527 1847 neque
1551 1732 1733 1825 hominen.
1783 1748 1879 1826 Sunt

158 1924 161 1928 -
252 1870 396 1958 „etiam
418 1868 584 1964 regiones
604 1866 686 1941 illae
705 1864 881 1956 vastatae,
913 1871 951 1947 u
981 1893 1029 1945 ne
1051 1871 1135 1970 iuqs
1161 1869 1309 1970 quidem
1330 1871 1522 1967 indigena&
1551 1893 1642 1969 pune
1677 1869 1774 1945 olere
1803 1870 1878 1967 poi·

253 1993 380 2083 ,‚sunt,
407 1989 460 2063 ita
482 1988 607 2064 omnia
632 1987 854 2064 cremata&
878 1986 1063 2086 absumpta
1091 1990 1182 2065 sunt.
1238 1990 1357 2067 Nostri
1381 2003 1503 2066 tamen
1534 1990 1585 2064 ibi
1608 1988 1688 2064 loco
1713 1990 1795 2064 sunt
1815 2011 1877 2086 po·

221 2176 227 2183 .
253 2108 359 2198 „tius
393 2107 597 2206 Superiore.
644 2105 734 2183 illud
755 2105 895 2194 etiam,
921 2108 981 2188 sub
1010 2107 1122 2197 Rosa,
1146 2110 1267 2186 dicere
1292 2109 1448 2209 poisum,
1478 2109 1577 2206 spem
1605 2107 1674 2183 effe
1697 2105 1876 2206 aliquam.

252 2227 465 2335 „Epiroten
501 2239 626 2305 turcae
654 2226 849 2322 subjectos,
883 2229 1037 2326 &ipsos
1061 2251 1162 2304 arma
1196 2242 1323 2305 contra
1349 2241 1535 2327 capturos.
1568 2227 1657 2303 ficut
1685 2228 1724 2305 δι
1757 2226 1876 2305 Vetto

252 2347 352 2442 „citu
379 2351 418 2428 oc
436 2347 594 2428 Metuant
615 2347 806 2442 iecerunt,
847 2348 972 2449 Atque
998 2348 1091 2425 haec
1117 2350 1266 2447 quidem
1293 2369 1402 2447 opera
1431 2348 1689 2445 Religiosoruin
1721 2345 1875 2442 Collegii

253 2467 407 2558 „liiirici
432 2471 470 2548 δι
503 2470 541 2544 8.
569 2467 767 2566 Hieronymi
774 2525 784 2557 ,
818 2468 881 2568 qui
911 2469 1030 2545 Romu
1065 2480 1259 2555 venerunt,
1292 2470 1388 2547 vnde
1419 2470 1532 2544 etiarn
1565 2467 1735 2542 uantur:
1777 2465 1875 2543 idem

251 2611 426 2688 „quoqne
446 2611 530 2664 cum
551 2587 668 2694 Mosco
696 2597 879 2665 tentatum
903 2587 965 2667 est,
1023 2587 1131 2669 Deut¹
1143 2587 1272 2668 nostris
1299 2590 1488 2667 conatibus
1515 2589 1664 2676 fauent,
1697 2610 1741 2664 ac
1769 2587 1878 2667 bene·-

253 2709 383 2805 ,dieat
409 2704 627 2786 haereditati
655 2704 749 2788 suae·

209 2956 215 2966 ‘
345 2950 515 3041 „Romam
538 2948 674 3049 saepius
696 2949 810 3052 scripii
836 2952 885 3028 de
902 2950 1207 3051 congregatione,
1235 2950 1457 3049 priuilegiic.
1483 2952 1521 3030 ἀ
1546 2946 1653 3042 uliis3
1677 2946 1874 3037 rescribunt

249 3071 318 3163 „se
335 3071 597 3150 deliberaturos
631 3071 670 3150 ὅ(
698 3071 935 3174 responsuros.
999 3073 1134 3150 Veniet
1168 3073 1260 3147 forte
1294 3076 1444 3149 tandem
1472 3071 1534 3146 iile
1567 3070 1674 3145 Pater
1709 3067 1880 3168 Visttuton

242 3176 453 3293 ,perpetuen
477 3195 592 3269 bonas
621 3192 758 3268 nostras
788 3191 1039 3287 Cogitationes
1069 3193 1299 3289 perieiturus.
1354 3196 1489 3268 Verum
1517 3191 1677 3266 summus
1702 3185 1873 3264 Pontifex

252 3314 355 3402 „duo
380 3311 491 3388 habet
522 3334 608 3410 prae
642 3313 811 3388 munibus
849 3311 1017 3405 negotia,
1053 3334 1147 3410 quoe
1176 3314 1269 3388 duas
1303 3335 1420 3410 poene
1457 3315 1596 3388 Romus
1631 3317 1872 3406 occuparent,

252 3489 273 3521 „
281 3431 409 3513 Bellum
451 3430 625 3509 nimirum
658 3433 729 3509 hoc
768 3435 946 3519 turcicum,
986 3434 1030 3510 δι
1070 3431 1199 3508 Galliae
1232 3420 1391 3508 saiuteuu
1463 3433 1597 3507 Cetera
1629 3428 1691 3521 vix
1733 3425 1872 3526 poiiuut

250 3607 271 3648 „
279 3550 466 3650 expediri,
498 3559 563 3628 ant
589 3551 701 3630 etiam
729 3550 814 3627 satis
836 3549 982 3649 percipi.
1038 3552 1117 3650 Ego
1146 3564 1271 3629 tamen
1295 3563 1483 3651 nunquam
1513 3549 1625 3648 hujus
1656 3549 1745 3627 mei.
1759 3546 1871 3627 debiti

251 3671 478 3763 „obnuiscan
959 3712 961 3717 2

345 3915 482 4002 „Pater
505 3910 693 3991 Generalis
720 3910 948 4014 Cisterrieusts,
976 3912 1014 3988 u
1035 3911 1168 4010 ipie‘in
1186 3912 1257 3988 hoc
1279 3909 1406 4008 pelago
1429 3908 1604 3995 versatur,
1629 3907 1667 3983 in
1692 3905 1869 3996 Boienriu,

249 4030 271 4123 ,',
281 4032 425 4132 opinor,
442 4035 480 4113 &
496 4034 644 4138 Austrin.
666 4018 671 4033 ’
693 4030 857 4129 Scripiit,
873 4031 908 4106 se
922 4032 969 4107 ed
983 4055 1043 4107 me
1061 4043 1277 4115 venturomr
1293 4044 1332 4107 at
1347 4055 1432 4109 meo
1444 4029 1603 4128 judicio,
1618 4027 1712 4105 nihii
1727 4028 1869 4105 efficiet.

249 4151 332 4242 „Hi
354 4157 527 4233 nimirum
553 4155 715 4232 Abbates
740 4152 880 4229 ocoute
905 4151 1106 4249 impedient
1129 4177 1278 4229 omnem
1308 4151 1461 4229 frustum
1485 4156 1523 4230 ἀ
1551 4150 1664 4224 etiam
1694 4148 1790 4245 ipsas
1809 4145 1871 4226 vi·

248 4277 474 4362 „fitutionen
527 4272 619 4349 Mihi
646 4273 727 4350 sane
749 4273 894 4349 videtur
914 4272 947 4346 is
966 4271 1077 4348 nimis
1096 4273 1213 4349 multu
1233 4272 1325 4350 velie
1350 4272 1558 4373 completii,
1586 4269 1669 4346 satie
1698 4263 1871 4351 nuncei·

134 4417 145 4431 ·
224 4376 329 4485 „set
356 4409 432 4472 tres
458 4394 539 4469 iilan
561 4393 670 4487 hujus
698 4393 858 4488 corporis
886 4403 1007 4489 partes
1035 4416 1179 4481 curare,
1201 4392 1372 4482 Suettium,
1400 4393 1637 4480 Frnncouinm,
1670 4390 1867 4467 Bouariuuu

248 4540 373 4616 „quae
394 4528 470 4593 tres
493 4513 638 4590 abunde
657 4509 865 4589 Prouinciale
890 4511 1079 4611 Capitolino
1103 4513 1331 4601 conticerent.
1391 4513 1534 4590 Harum
1565 4512 1746 4613 Exemplo
1769 4510 1871 4591 tice

237 4650 334 4728 „tet
360 4636 495 4722 deinde
519 4634 592 4748 hue
609 4654 751 4732 quoque
770 4628 920 4729 inuare,
957 4633 1089 4712 Dicam
1110 4635 1237 4725 libere,
1259 4635 1287 4711 fi
1312 4637 1442 4714 adme
1464 4635 1615 4725 venerit.

1734 4840 1872 4970 ,enum
