4276 5670
748 343 752 353 Χ
861 373 1284 469 sesamae*
1459 374 1463 381 ’
1776 374 1892 480 ¹atr

259 543 348 629 tram
378 550 615 631 Salemimrram
638 549 963 629 'Existimationern
997 554 1104 650 probe
1130 553 1287 640 nossent,
1332 550 1423 629 nihil
1455 550 1675 631 intentatum
1697 551 1900 653 relinque.

259 672 367 757 bant,
407 696 479 771 quo
515 673 697 748 Abbatem
730 671 907 757 nostmm,
949 672 986 748 dr
1014 695 1078 769 per
1104 673 1218 772 ipsum
1245 683 1386 749 ceteros
1413 673 1460 747 ad
1491 673 1709 748 conserenda
1735 699 1799 774 pro
1822 698 1890 751 ex·

258 790 427 867 struendo
455 790 662 892 Constantine
688 789 836 890 Collegio
863 791 1011 867 subsrdia
1040 801 1303 889 permanerent.
1358 791 1456 866 Inter
1481 802 1622 867 ceteros
1650 814 1747 868 anno
1781 802 1884 895 ¹⁶03·

261 934 326 986 12.
342 908 480 1007 Aprilis
504 910 550 983 fic
572 912 619 985 ad
646 932 731 985 eum
764 908 956 1007 perscripsrt
982 908 1022 985 Ρ.
1052 910 1217 985 Masclior
1246 909 1443 1009 Degealrart
1475 909 1513 988 S.
1538 910 1587 1016 3
1621 911 1810 989 sacerdos:
1842 913 1885 1011 s)

257 1029 563 1106 Reuerendiffime
592 1029 628 1103 in
658 1027 799 1104 Christo
830 1031 950 1105 Pater.
1008 1031 1084 1106 Pax
1106 1028 1236 1106 Christi
1262 1042 1331 1104 etc.
1381 1071 1432 1086 -
1475 1071 1525 1090 -
1579 1030 1675 1128 Opto
1701 1032 1885 1108 Reueren-

257 1149 433 1226 dissrmam
465 1149 724 1225 Patemitatern
751 1149 901 1224 verram
927 1149 1060 1237 valere,
1103 1149 1179 1247 post
1213 1147 1424 1254 diuturnam
1452 1151 1491 1226 de
1511 1148 1788 1226 moteuiffimam
1820 1172 1883 1228 cu·

256 1279 354 1353 ram,
391 1291 502 1366 quarn
527 1267 667 1366 optime
694 1268 741 1344 ob
765 1267 1025 1366 plurimarum
1048 1268 1087 1343 in
1111 1268 1202 1356 nos,
1241 1278 1321 1344 turn
1349 1268 1386 1342 io
1416 1267 1554 1344 nollrae
1581 1269 1782 1346 catholicae
1811 1269 1882 1346 Re·
1945 1288 1950 1324 ¹

257 1385 406 1482 ligionis
430 1391 567 1464 bonum
593 1387 737 1465 merita.
785 1389 880 1472 Quia
904 1412 1031 1464 reuera
1057 1388 1199 1463 indies
1233 1386 1397 1485 experior
1428 1385 1560 1484 reipsa,
1599 1388 1698 1486 quod
1725 1411 1799 1465 nou
1832 1389 1883 1465 se·
1984 1448 1993 1461 .

258 1505 332 1582 mel
355 1507 683 1584 Reuerendilsrmae
707 1508 920 1583 paternitati
946 1509 1081 1585 vestrae
1104 1506 1256 1584 memini
1284 1530 1344 1583 me
1373 1504 1498 1590 fateri.
1529 1509 1665 1583 bonum
1694 1529 1737 1583 rc
1765 1507 1883 1584 lncre·

254 1639 422 1703 mentum
443 1623 557 1731 hujusx
572 1624 724 1723 Collegii
742 1630 787 1706 ab
807 1625 973 1722 ejusdem
992 1625 1319 1702 Reuerendillimae
1346 1628 1384 1701 P.
1408 1625 1451 1702 V.
1475 1625 1606 1715 studio,
1630 1625 1884 1716 Authoritate.

254 1743 469 1822 liberalitate
493 1746 671 1844 pendere,
712 1747 781 1834 ita,
820 1759 860 1824 vt
879 1749 976 1846 quod
1010 1746 1098 1821 olim
1119 1746 1247 1821 Cicero
1276 1746 1323 1820 de
1346 1743 1506 1836 Catone,
1539 1744 1608 1822 hoc
1636 1746 1675 1822 in
1702 1745 1804 1822 srmili
1834 1748 1882 1825 de

256 1865 565 1943 Reuerendiffima
588 1867 627 1942 P.
649 1866 694 1946 V.
719 1866 822 1963 saepe
845 1891 989 1943 mecum
1016 1865 1087 1963 ipse
1112 1864 1340 1941 discurrendo
1361 1863 1490 1940 soleam
1516 1863 1631 1941 fateri.
1686 1865 1836 1948 Etenim
1854 1867 1886 1953 siv

256 1983 369 2072 Cato,
411 1984 531 2085 inquit
563 1985 640 2073 ille,
679 1984 801 2062 minus
825 1986 960 2070 Roma,
997 1984 1116 2063 Roma
1146 1996 1244 2060 certe
1275 2006 1367 2082 opus
1398 1982 1509 2059 habet
1543 1984 1694 2062 Catone.
1741 1986 1881 2075 Obruit

256 2127 372 2202 nuper
399 2104 727 2208 Reuerendiliirnus
760 2091 1025 2206 Campidooerrfis
1052 2103 1357 2181 Reuerendilsrmo
1381 2102 1498 2179 nostro
1522 2104 1693 2204 Episcopo
1715 2129 1778 2204 per
1803 2106 1881 2183 Lit-

255 2211 445 2323 teras‘pro
474 2223 657 2321 collegio,
695 2225 914 2301 sloreoorum
943 2227 1013 2300 tria
1038 2224 1175 2313 Miltia,
1218 2225 1289 2302 hac
1315 2236 1437 2300 tamen
1473 2224 1701 2313 conditione,
1748 2238 1789 2303 vt
1815 2224 1879 2303 fini

253 2345 435 2440 integrum
459 2342 517 2429 sit.
542 2343 731 2442 vel‘ipsam
753 2346 947 2422 Summam
969 2343 1172 2442 Capitalem
1196 2366 1412 2428 numerare,
1442 2341 1500 2420 vel
1526 2341 1683 2420 Censurn
1703 2368 1876 2424 annuum.

256 2465 377 2542 slehen
395 2463 464 2538 also
486 2462 579 2540 auch
602 2463 640 2538 iu
665 2464 797 2549 diesem
823 2490 891 2554 ans
922 2465 994 2543 rod
1021 2463 1131 2541 wisen
1151 2463 1272 2549 nicht,
1303 2463 1423 2540 wesen
1452 2461 1625 2545 sichlhre
1648 2462 1696 2539 H.
1713 2465 1757 2539 G.
1784 2487 1879 2542 wer·

254 2586 324 2659 den
348 2583 548 2659 erkhltiren.
598 2582 737 2658 'sraofit
751 2584 898 2662 interim
915 2597 1061 2682 tempus
1083 2582 1121 2660 dr
1139 2580 1275 2658 occasio
1292 2580 1527 2678 auspicandae
1543 2581 1710 2660 fabricae.
1758 2585 1878 2661 Reue-

252 2703 454 2783 rendiffima
486 2705 528 2781 V.
554 2703 592 2778 P.
628 2701 758 2801 quaeso
790 2707 969 2780 succurrat
997 2701 1134 2779 nostrae
1166 2702 1250 2778 huic
1285 2701 1503 2791 oeceffitati,
1547 2704 1620 2779 vod
1648 2704 1779 2781 wolren
1805 2705 1878 2784 ocu

252 2822 290 2899 so
318 2823 363 2900 vil
387 2823 590 2910 benamu,
620 2823 687 2898 des
712 2821 828 2899 solche
852 2823 1006 2899 Summa
1029 2824 1068 2898 irr
1094 2822 1238 2900 Khttrze
1259 2845 1327 2898 vos
1352 2822 1499 2897 mochte
1523 2845 1570 2897 zu
1588 2821 1748 2902 khon‘ren
1774 2825 1878 2904 woll-

252 2953 291 3021 te
316 2942 416 3020 mich
439 2941 476 3018 in
502 2939 583 3019 casu
608 2940 823 3019 necessitatis
841 2940 976 3046 selbstra
1001 2965 1047 3018 za
1070 2945 1170 3018 tinem
1192 2936 1316 3023 Porsen
1342 2935 1501 3015 brauchen
1527 2938 1637 3042 suffla.

346 3120 675 3212 Reuerendiffiinus
712 3133 830 3211 noster
861 3133 905 3234 r³)
934 3133 1046 3211 hodie
1075 3128 1234 3229 primurn
1263 3129 1381 3229 posuit
1409 3130 1569 3230 lapidem
1603 3131 1715 3209 futuri
1748 3131 1883 3233 templi

249 3251 331 3330 PP.
371 3253 609 3352 Capacirrorom
631 3255 669 3330 in
694 3277 827 3350 magna
849 3253 970 3354 populi
1002 3251 1215 3352 sequentia.
1284 3250 1379 3326 Mihi
1406 3263 1504 3348 certe
1537 3276 1610 3328 non
1648 3253 1770 3331 minus
1801 3254 1875 3352 ipsa

249 3372 417 3450 solemnis
444 3375 613 3471 processio
646 3373 801 3475 placuit,
851 3396 961 3473 quarn
982 3365 1106 3460 'atium
1146 3381 1291 3469 propter
1315 3369 1412 3447 Cleri
1439 3369 1477 3447 dt
1506 3371 1716 3452 Nobilitatis
1751 3372 1874 3451 multi·

248 3494 434 3581 tudinem,
471 3518 565 3594 quae
587 3495 849 3571 Procelfioucrn
878 3493 974 3570 hanc
1002 3479 1188 3569 comitata
1209 3489 1260 3566 est
1287 3511 1351 3587 per
1383 3490 1583 3569 ciuitatem.
1644 3490 1781 3570 Habita
1802 3494 1874 3572 suit

241 3618 378 3692 ‘concio
405 3638 550 3713 quoque
576 3639 599 3689 a
625 3616 784 3690 Domino
807 3613 951 3690 Dotion
976 3611 1123 3725 Brendel
1135 3667 1145 3699 ,
1193 3633 1288 3709 quae
1313 3633 1378 3708 per
1406 3609 1535 3689 horam
1573 3609 1685 3690 fenne
1717 3614 1872 3693 durauit.

246 3733 329 3832 Jam
354 3736 446 3810 mihi
473 3736 595 3810 denuo
624 3719 795 3809 iudicitur
822 3731 999 3811 Profestio
1032 3753 1121 3808 curn
1150 3728 1457 3808 Reuerendilsrmo
1490 3729 1628 3818 nostro,
1685 3757 1796 3834 quae,
1833 3747 1875 3815 vt

247 3856 375 3938 audio.
401 3852 570 3953 perendie
592 3854 669 3928 fiet.
717 3855 896 3951 Praeparo
919 3853 1028 3949 igitur
1045 3873 1122 3935 me.
1150 3853 1189 3928 dr
1211 3849 1539 3928 Reuerendillirnae
1558 3849 1597 3926 P.
1620 3852 1663 3929 V.
1682 3878 1742 3931 me
1755 3878 1872 3934 meos·

218 3954 317 4068 'que
336 3975 374 4047 in
388 3973 529 4050 Cluilio
544 3973 669 4049 Patres
686 3971 724 4049 dr
745 3971 886 4073 Fratres
906 3953 1038 4048 iterum
1057 3972 1265 4068 iterumque
1287 3969 1473 4046 humiliter
1495 3974 1723 4078 commendo.
1775 3973 1873 4051 Con·

245 4090 399 4179 stantiae
432 4117 475 4168 12
494 4090 632 4188 Aprilis
656 4093 767 4169 Anno
794 4099 896 4195 1603.
922 4088 1247 4170 Reuerendiliimae
1269 4088 1309 4164 Ρ.
1330 4088 1374 4168 V.
1395 4089 1434 4165 in
1461 4086 1603 4167 Cluilio
1621 4089 1758 4189 Seruus
1780 4093 1871 4170 Mel·

208 4215 209 4218 ’
247 4213 338 4290 clrior
364 4211 573 4312 Degemlart.
1608 4293 1633 4349 r

341 4406 437 4490 Quid
468 4405 603 4480 mirum
629 4402 740 4499 igitur
771 4400 1028 4481 accedentibus
1054 4401 1102 4478 ad
1130 4400 1317 4489 natiuam,
1359 4399 1398 4479 dr
1421 4400 1517 4500 quasi
1540 4400 1684 4483 inlitam
1711 4404 1868 4504 Propen-

244 4523 397 4610 sonem,
437 4527 473 4603 N
476 4523 574 4601 uncii
610 4521 806 4620 Apostolici
837 4521 1028 4608 Precibus,
1075 4521 1258 4600 Abbatem
1288 4520 1450 4601 nostrum
1486 4530 1564 4602 rem
1595 4547 1641 4602 eo
1663 4525 1869 4613 deduxisse,

286 4741 318 4824 s)
343 4741 423 4810 Tom.
445 4763 498 4827 30.
521 4739 578 4827 sos.
608 4757 680 4823 170.
1545 4816 1549 4823 ,
1829 4657 1898 4813 π.

284 4875 322 4954 ·)
338 4871 475 4959 panae
496 4871 657 4958 Fuggme
676 4866 715 4938 L.
738 4867 777 4938 Β.
796 4867 839 4934 dr·
853 4865 1019 4953 mering
1038 4864 1079 4938 8
1103 4862 1298 4957 musam
1320 4862 1384 4951 Ep.
1408 4863 1503 4955 Cras.
