4276 5670
685 370 1108 470 *amomo*
1193 443 1197 448 ·
1641 399 1721 478 'aar

83 547 251 660 placeat,
284 564 326 634 vt
349 546 596 656 Oenipontum
619 555 667 630 ad
693 553 737 630 D.
761 553 1056 652 christophorum
1072 541 1254 643 'Lustrien
1284 576 1393 656 quem
1417 555 1721 635 Reuerendiffima
1836 595 1837 599 ι

89 678 303 756 Dominatio
329 677 442 755 vellra
464 675 501 750 in
524 674 701 772 proximis
724 676 796 751 suis
821 677 868 750 ad
892 698 955 778 pne
973 673 1122 753 Litteris
1145 675 1367 764 nominauit,
1394 677 1463 754 has
1487 678 1719 755 membranas
1833 750 1835 756 Α

58 852 59 855 ¹
90 799 188 896 (pro
215 796 362 892 singulin
385 794 503 872 Soluti
536 794 619 872 sunt
648 794 778 896 Septem
801 797 930 900 Bazis)
957 795 1169 899 mittamus,
1207 819 1301 892 quae
1329 818 1394 895 per
1427 798 1587 894 peditem
1617 797 1718 874 mitti

89 929 287 1017 poterunt:
318 916 413 992 inde
442 916 573 992 eadem
604 918 745 992 ratione
778 914 962 992 Brixiaom
987 939 1114 1014 usque.
1167 914 1456 1014 'consequenter
1479 917 1527 993 ne
1551 914 1653 1011 mora
1676 916 1717 992 iit

88 1037 201 1114 nimis
225 1036 332 1131 longa
356 1036 503 1111 initium
530 1034 632 1111 illhic
663 1033 766 1110 lieret
795 1033 975 1117 Librorum
1013 1034 1223 1125 Cimoliam,
1261 1038 1380 1113 donec
1413 1037 1572 1135 reliquae
1591 1029 1716 1115 etiam

87 1160 322 1236 membranae
345 1157 598 1255 expediuntur.
655 1154 812 1252 Cognita
834 1155 1163 1235 Reuerendiffimae
1187 1157 1233 1235 D.
1255 1158 1300 1240 V·
1324 1157 1530 1246 voluntate,
1560 1159 1608 1235 ad
1631 1179 1715 1250 earn

86 1299 149 1358 me
165 1277 418 1358 conformabo.

713 1464 725 1508 ι

79 1643 82 1647 ,
197 1558 325 1660 Scripfi
358 1571 444 1638 ante
475 1559 569 1639 duos
600 1555 743 1636 menses
766 1558 814 1636 ad
838 1557 1039 1641 Dominum
1063 1559 1247 1641 Abbatem
1271 1557 1387 1644 Mont‘
1358 1573 1404 1644 trs
1427 1557 1466 1640 S.
1488 1559 1644 1661 Georgii,
1669 1579 1714 1638 ac

76 1680 196 1782 petii,
228 1706 274 1756 an
307 1684 401 1758 duos
433 1679 563 1764 iratres
586 1679 668 1757 suos
692 1692 839 1778 paratus
865 1680 908 1757 ιιι
934 1705 1048 1761 vnum
1072 1682 1130 1761 vel
1160 1681 1313 1758 alterum
1346 1704 1486 1787 annum
1516 1681 1612 1759 alere
1644 1680 1713 1757 Di

86 1802 224 1902 singna,
256 1802 368 1901 idque
400 1800 485 1900 suad
520 1811 601 1876 tum
637 1800 805 1897 exemplo
835 1799 1043 1879 Monasterii
1072 1801 1204 1878 Montis
1235 1796 1273 1878 S.
1304 1771 1460 1892 Moriar,
1497 1785 1712 1880 &aliorum

84 1935 292 2022 praeterea,
325 1934 407 1997 tum
430 1913 591 2024 maxime
615 1922 712 2020 quod
737 1920 888 1996 omnino
912 1921 984 1997 hoc
1008 1922 1205 2020 expediat,
1232 1921 1437 2021 fruiturque
1461 1906 1603 1999 deinde
1619 1920 1713 2000 ιιιιιι·

64 2056 170 2139 ‘ptus
195 2043 338 2118 abunde
362 2041 577 2138 compenset.
644 2041 720 2117 Sed
748 2039 953 2118 nihildum
978 2038 1207 2141 responsumr
1245 2062 1330 2118 cum
1361 2053 1488 2118 tamen
1519 2041 1713 2141 receperit,
1751 2082 1757 2089 ·
1870 2137 1876 2147 ,

71 2163 120 2237 -se
144 2163 354 2260 propediem
376 2158 634 2258 responsurum.
683 2160 834 2238 Interim
859 2160 944 2237 boni
967 2160 1006 2236 hi
1030 2162 1105 2239 duo
1126 2160 1255 2238 iratres
1276 2160 1428 2251 instant,
1458 2144 1605 2271 ibique
1615 2161 1712 2240 hanc

81 2284 236 2380 gratiam
260 2307 306 2357 eo
331 2282 438 2357 citius
463 2279 615 2356 conferri
639 2292 762 2366 orant,
789 2303 861 2377 quo
882 2263 1058 2379 paulatim
1082 2280 1280 2358 adultiores
1303 2281 1408 2362 liunt.
1468 2281 1592 2361 Ambo
1610 2281 1712 2362 enim

80 2427 222 2489 annum
245 2402 320 2497 jam
345 2405 531 2504 vigrfirrrum
558 2401 599 2478 ιι
617 2404 761 2502 primum
789 2400 1032 2487 excesserunt,
1066 2415 1109 2481 vt
1131 2401 1285 2501 proinde
1305 2425 1379 2502 quo
1408 2401 1538 2490 serius,
1569 2426 1615 2478 eo
1643 2398 1712 2481 mi·

81 2543 154 2601 nus
179 2523 254 2621 apti
278 2522 425 2601 venturi
446 2522 515 2598 smt
540 2523 586 2597 ad
610 2521 748 2606 studia,
781 2520 856 2598 sne
888 2520 1019 2620 quibus
1042 2521 1224 2622 spiritum,
1261 2545 1371 2621 quem
1396 2545 1481 2603 cum
1503 2521 1573 2598 Dei
1593 2518 1711 2618 gratia

66 2645 295 2748 hauserunt,
325 2644 416 2719 baut
438 2641 501 2717 diu
523 2641 699 2717 retenturi
724 2640 916 2731 videntur,
933 2643 1139 2741 ‘praecipue
1161 2631 1200 2719 in
1225 2640 1289 2719 illo
1311 2642 1410 2732 loco,
1446 2644 1499 2721 vti
1527 2644 1609 2720 sunt
1631 2657 1709 2724 tarn
1855 2671 1867 2690 ·

79 2763 187 2864 pauci
213 2762 383 2840 Monacbi
431 2803 481 2820 -··
529 2803 579 2820 —-
627 2761 701 2858 ipso
725 2761 839 2838 etiam
863 2747 1007 2839 Abbate
1031 2763 1155 2859 minuc
1178 2785 1264 2860 erga
1287 2762 1461 2840 interiora
1486 2767 1524 2845 dr
1547 2761 1707 2865 Discipli-

79 2911 168 2964 nam
190 2884 339 2963 sollicito
363 2884 509 2972 Nescio,
538 2881 625 2981 quid
651 2882 885 2978 pecuniarum
915 2905 963 2956 ex
991 2869 1203 2958 'Cancriorio
1229 2882 1393 2977 (vocant
1420 2882 1623 2982 Sigelgelt)
1649 2890 1709 2965 ac'·

71 3006 242 3105 cipiunt,
284 3005 382 3102 quod
409 3014 449 3080 vt
481 3003 591 3079 audio
616 3001 714 3078 inter
744 3001 948 3079 Monachor
978 3001 1217 3089 distribuitur,
1247 3002 1359 3098 idque
1389 3025 1454 3099 pro
1486 3005 1707 3091 vestibus&

78 3126 261 3220 ejusmodi
289 3123 447 3204 sufficere
472 3123 593 3199 debet.
643 3122 841 3199 praestaret
860 3145 1010 3200 omnem
1033 3120 1226 3220 pecuniam
1248 3143 1479 3223 quocumque
1503 3125 1609 3203 titulo
1632 3115 1708 3205 coi

78 3248 142 3343 ligi
169 3271 191 3322 a
215 3243 409 3322 Monachis
440 3242 577 3319 solitam
605 3245 649 3321 ab
668 3243 812 3321 Abbate
838 3241 969 3340 accipi,
997 3246 1040 3322 *dr
1064 3241 1211 3321 viciffim
1244 3232 1402 3320 eundem
1431 3245 1556 3323 omnia
1584 3248 1707 3331 neces·

77 3368 168 3449 saria
188 3366 383 3442 liberaliter
407 3363 685 3450 subministrare,
711 3375 819 3462 atque
844 3386 992 3439 omnem
1012 3362 1259 3461 proprietatis,
1285 3363 1378 3438 adeo
1399 3364 1437 3437 in
1455 3365 1592 3463 Regula
1608 3366 1644 3447 S.
1661 3361 1703 3450 P.

77 3489 186 3567 nostri
211 3485 400 3564 Benedidii
429 3489 466 3562 dr
484 3485 523 3558 in
544 3482 757 3558 canonibus
788 3483 899 3558 etiam
936 3483 1200 3558 condemnatae
1228 3482 1585 3584 occasionem-tolli.
1627 3492 1734 3571 Sed³

72 3622 203 3707 >parcat
232 3607 323 3684 mihi
351 3608 445 3680 Rma
467 3606 512 3681 D.
536 3605 580 3683 V.
608 3602 632 3678 ιι
657 3604 719 3680 ιιιιι
743 3604 781 3680 in
812 3602 996 3715 scribendo
1025 3602 1179 3678 liberior.
1245 3603 1396 3681 Nemini
1423 3605 1583 3689 mudum
1601 3633 1705 3710 prae·

75 3732 208 3816 scribo,
241 3728 383 3804 miseret
415 3748 477 3800 me
504 3737 648 3802 tantum
677 3727 834 3802 duorum
865 3723 928 3799 hic
953 3722 1122 3807 fratrum,
1156 3746 1312 3832 quorum
1344 3724 1440 3802 bona
1461 3726 1629 3808 voluntas
1655 3731 1706 3812 iic

74 3855 207 3930 durare
232 3872 306 3924 non
337 3845 480 3943 poterit.
546 3847 642 3920 Rma
664 3844 708 3919 D.
734 3845 777 3923 V.
804 3867 868 3942 pro
892 3842 953 3919 sua
975 3842 1172 3920 Prudentia
1195 3845 1234 3923 dr
1255 3844 1482 3922 Dexteritate
1511 3847 1558 3923 fic
1584 3875 1702 3930 reme·

75 3968 365 4051 diumadhiberi
393 3965 547 4052 curabit,
575 3988 623 4040 ne
651 3964 738 4040 boni
770 3964 901 4051 fratrea
932 3963 993 4064 fibi
1023 3963 1147 4048 odium
1181 3967 1220 4042 dr
1255 3964 1546 4061 indignationem
1581 3961 1715 4050 conci?

73 4093 186 4179 lient‚
211 4102 274 4166 aut
297 4089 472 4164 delationir
489 4087 630 4186 suspirio
652 4085 824 4162 oriatur?
847 4069 979 4161 Precor
999 4083 1121 4161 eidem
1142 4083 1188 4160 R.
1211 4082 1258 4157 D.
1285 4085 1330 4162 V.
1362 4086 1571 4166 diuturnam
1599 4092 1700 4170 incn-

73 4213 298 4295 lumitatem,
327 4215 364 4288 dr
389 4207 512 4284 omnia
536 4204 665 4284 selcia
714 4208 773 4283 Ex
793 4203 1029 4301 Weingarten
1055 4227 1109 4299 15.
1130 4202 1290 4304 Januaii
1304 4203 1416 4284 Anno
1438 4213 1545 4290 roro.
1589 4211 1634 4292 R.
1650 4213 1698 4294 D.

72 4328 120 4416 V.
141 4329 404 4411 studinfiffimus
428 4325 486 4407 u.
515 4326 698 4426 Georgius
720 4329 843 4408 Abbaa
861 4325 998 4405 ibidem
1018 4323 1134 4425 Mppr.
1452 4315 1454 4317 ’

167 4638 365 4741 Episcopus
397 4632 593 4721 liriniensis
619 4632 768 4739 Georgii
794 4629 960 4731 Abbatir
982 4630 1179 4718 Consilium
1209 4635 1258 4719 de
1291 4630 1475 4717 mittentis
1507 4631 1694 4747 Dilingam

70 4761 256 4846 Fratribus
283 4763 421 4841 nedum
444 4773 568 4846 ratum
585 4761 739 4850 nunt.
762 4760 825 4841 scd
850 4757 976 4958 emine
990 4752 1155 4880 aliquem
1174 4784 1224 4838 ex
1246 4756 1377 4841 uoilrir
1404 4752 1588 4850 Brixiam
1614 4772 1694 4959 sntbd

216 4924 244 4943 .
696 4915 701 4927 κ
1591 4894 1645 4957 nu
