4290 5664
142 610 145 615 ·
257 570 324 656 rit,
350 563 396 643 ad
420 561 603 642 eccleliana
628 563 863 645 conueniunt
927 569 1025 645 Cum
1054 593 1135 652 uero
1168 570 1330 648 sacerdos
1355 568 1537 671 ceterique
1562 571 1798 653 ministraturi
1828 596 1892 674 pe·

258 713 308 767 ne
332 685 467 764 fuerint
490 683 623 772 vestiti,
664 684 750 783 quia
778 697 852 764 rnre
875 699 973 765 oraria
998 683 1057 766 non
1074 688 1137 786 fit,
1183 690 1379 767 inchoante
1412 700 1547 766 armaria
1579 691 1763 793 pulsintnr
1794 693 1892 792 sigua

256 810 308 901 ud
334 804 472 889 misiam
496 846 546 862 -
574 805 730 881 Dominus
754 808 845 882 intr.
891 810 954 886 Ad
980 833 1091 907 quarn
1115 834 1198 886 cum
1224 810 1297 907 ipso
1321 813 1395 886 duo
1418 825 1586 889 cmrtores
1610 813 1736 910 cappis
1769 813 1892 891 induti

259 929 349 1008 licut
372 924 489 1002 eciarn
514 924 561 998 ad
583 922 791 1022 sequentem
817 935 944 1005 tenent
969 930 1136 1014 chorum,
1177 931 1215 1008 dr
1241 936 1434 1028 utrumque
1459 930 1599 1008 illorum
1623 931 1698 1009 duo
1721 932 1892 1009 candela·

260 1053 324 1132 bra
346 1070 395 1125 ex
417 1042 489 1121 illis
513 1045 648 1145 septem
672 1053 758 1118 ante
778 1043 890 1122 altare
912 1049 1061 1145 sumpta.
1110 1048 1175 1153 ilii
1199 1062 1325 1127 autem
1348 1049 1413 1149 qui
1437 1063 1587 1126 cantant
1608 1056 1758 1146 graduale
1784 1054 1824 1132 dr
1843 1060 1892 1129 al·

262 1170 349 1265 tanain
373 1189 462 1244 mox
485 1174 525 1242 vt
548 1162 840 1261 percantauerint
865 1164 1110 1263 adjunguntur
1142 1176 1242 1243 rriins
1264 1173 1407 1266 madidis
1433 1175 1607 1247 anticanus
1629 1193 1700 1247 vna
1725 1170 1892 1249 cumeis

264 1293 419 1372 chorum
442 1280 582 1361 reliurl.
633 1283 741 1370 Quod
767 1282 804 1360 dr
828 1283 866 1362 in
893 1285 1047 1364 secunda
1071 1289 1172 1365 milia
1196 1288 1357 1367 similiter
1380 1288 1508 1387 agitur.
1539 1332 1590 1349 —
1619 1333 1670 1352 -
1704 1293 1775 1368 Vna
1795 1286 1893 1386 hallia

264 1414 411 1519 affertur,
437 1407 475 1485 &
494 1422 560 1502 par
578 1408 616 1477 ab
638 1426 698 1477 uno
716 1411 872 1500 recipitne.
923 1406 1025 1483 Missa
1046 1434 1115 1483 curn
1142 1412 1348 1485 benedicamus
1374 1414 1491 1485 damino
1515 1411 1742 1489 terminatur.
1792 1410 1894 1489 Con·

263 1548 397 1618 ventus
420 1526 568 1606 interim
589 1523 687 1599 sedet
718 1546 831 1620 nsque
855 1527 946 1634 dum
968 1527 1120 1605 ministri
1145 1538 1345 1618 exuantur,
1382 1531 1420 1608 da
1452 1554 1475 1604 a
1504 1529 1650 1607 custode
1672 1530 1719 1609 ad
1742 1522 1894 1609 matuti-

125 1648 130 1656 ’
265 1684 333 1740 aas
358 1653 485 1731 laudes
508 1646 679 1748 pulsetur,
727 1667 816 1742 quas
839 1646 996 1727 domnus
1027 1648 1117 1724 abba
1156 1648 1215 1727 vel
1254 1647 1333 1746 ejus
1367 1648 1523 1727 vicarius
1553 1647 1792 1725 inchoaturus
1823 1646 1892 1738 est,

266 1787 490 1861 nontamen
515 1772 584 1845 alda
605 1764 766 1841 indutus.
822 1763 878 1845 Ad
903 1773 1017 1845 landes.
1040 1767 1129 1844 Ant.
1151 1776 1257 1863 gonrit
1278 1788 1439 1868 puerpera.
1477 1808 1526 1825 -
1563 1809 1614 1829 ···
1651 1767 1892 1869 Suffragia&

252 1906 371 2007 ¹psalm·
382 1897 489 1997 fanni.
514 1887 780 1984 subsequuntur.
841 1885 939 1963 Inter
962 1910 1055 1989 quos
1083 1889 1131 1965 ad
1156 1885 1310 1984 singulas
1337 1887 1446 1965 horas
1466 1886 1525 1962 Aa
1551 1899 1582 1964 te
1608 1895 1707 1966 maai
1728 1892 1892 1989 pro-air-

268 2025 441 2105 dienn‘ariis
471 2009 613 2089 dicitur.
676 2004 752 2081 Itur
777 2004 816 2085 in
841 2009 1068 2109 dnndninn,
1109 2007 1305 2108 srtempus
1331 2006 1511 2105 permittit
1536 2014 1755 2109 Quamuis
1779 2009 1894 2107 pause·

250 2158 335 2224 ‚m
361 2140 487 2240 pentius
515 2131 603 2226 infra
626 2130 732 2204 unam
758 2131 915 2203 cadararir.
993 2126 1090 2205 Cum
1122 2126 1236 2207 visum
1271 2126 1379 2205 suerit
1412 2126 1551 2204 custodi
1580 2124 1726 2209 ecclesie
1755 2127 1893 2207 iterum

251 2265 388 2364 ¹mnjus
414 2256 551 2353 lignum
582 2247 695 2348 pulsat
721 2245 966 2347 aliquantum,
1008 2259 1050 2325 vt
1075 2249 1122 2323 ad
1148 2244 1334 2325 ecclesiam
1366 2246 1540 2325 veniatur.
1591 2246 1816 2326 Precedente
1846 2270 1892 2325 ea

268 2389 350 2477 uice
381 2377 521 2460 millam
548 2369 730 2455 oratione,
775 2366 940 2445 sacerdos
972 2391 1058 2447 curn
1094 2367 1225 2444 ceteris
1263 2365 1433 2445 ministris
1461 2369 1540 2445 exit
1566 2369 1616 2444 ad
1650 2346 1892 2446 induendum.

270 2506 342 2594 Qui
364 2518 487 2579 tamen
513 2496 628 2567 rnrliari
647 2496 801 2586 paratura
820 2486 1033 2570 vestiuntur,
1057 2511 1169 2585 quarn
1192 2487 1341 2564 ministri
1359 2491 1544 2586 precedentis
1564 2485 1656 2587 rnrffe.
1707 2487 1893 2574 Quocum·

270 2651 342 2727 que
373 2645 438 2721 pro
468 2607 640 2707 solempni
663 2605 784 2683 officio
816 2618 963 2683 cantata
994 2608 1149 2683 suntad
1175 2609 1329 2706 priorem
1352 2606 1509 2694 missam,
1551 2620 1744 2685 cantantur
1776 2611 1814 2686 dt
1844 2606 1892 2687 ad

270 2746 384 2825 istam,
407 2779 457 2796 -
477 2776 524 2795 ι-
555 2731 627 2805 Tres
648 2725 761 2802 hostie
785 2724 984 2804 offeruntur
1006 2738 1045 2802 nt
1062 2725 1097 2820 st
1113 2727 1203 2822 farte
1229 2735 1298 2824 qnia
1323 2725 1469 2822 sralncn
1498 2733 1630 2803 valuerit
1654 2734 1891 2821 rommwriraen
1926 2768 1929 2775 ·

250 2959 257 2969 ι
267 2866 362 2966 poffit.
428 2856 470 2936 si
495 2852 577 2952 quis
610 2845 764 2927 voluerit
794 2844 910 2945 ruffam
941 2857 1083 2935 erodere,
1115 2851 1180 2950 pasl
1215 2846 1405 2945 assartandum
1435 2848 1529 2939 potest
1562 2851 1716 2923 dreniiaur
1748 2826 1895 2945 aconem

270 2983 412 3067 ninam
437 2986 580 3053 autem:
608 2969 693 3043 Puer
713 2977 806 3041 naras
835 2978 958 3041 cantat
978 2990 1063 3043 cum
1095 2992 1166 3044 vna
1191 2966 1370 3044 oracione.
1422 2966 1496 3040 Pax
1518 2970 1556 3039 al
1577 2990 1639 3042 ona
1660 2962 1749 3043 edura
1769 2969 1823 3045 esi
1838 2992 1892 3045 re·

147 3092 152 3099 ’
254 3082 448 3204 ἐἱρίεηάι
500 3088 602 3168 Mina
621 3088 743 3185 itaque
766 3085 883 3172 linita,
915 3084 1046 3162 fratres
1065 3091 1253 3163 diurnalium
1276 3089 1327 3184 n)
1370 3085 1490 3160 induti
1515 3107 1666 3172 manus,
1713 3090 1751 3166 ta
1779 3088 1805 3163 si
1830 3110 1893 3166 vo·

270 3226 352 3305 lunt
376 3216 489 3297 facies
517 3212 660 3293 lauant,
683 3205 801 3302 capita
831 3208 995 3302 peltant,
1016 3220 1092 3285 tres
1117 3206 1300 3282 orationes
1321 3229 1368 3281 ex
1394 3226 1496 3280 more
1521 3204 1669 3282 sariunt.
1725 3204 1890 3286 Maximo

271 3369 344 3427 vno
370 3340 467 3436 flgno
487 3331 602 3434 prima
622 3325 793 3426 pulsatur,
819 3348 954 3422 ymnus
981 3327 1051 3406 hac
1073 3327 1241 3406 melodia
1266 3367 1316 3385 -·-
1341 3323 1422 3423 Janr
1448 3330 1525 3403 tais
1546 3336 1614 3399 arta
1637 3366 1688 3385 -··
1711 3318 1889 3416 cantatur.

271 3461 396 3565 ymnis
423 3453 589 3533 omnium
615 3447 785 3523 horarum
811 3443 864 3542 hy
885 3445 1006 3521 versus
1038 3489 1088 3507 -
1121 3447 1279 3521 Menenia
1303 3451 1402 3540 gnrla
1428 3447 1487 3520 nii
1512 3447 1629 3521 dremne
1659 3485 1711 3508 ··-
1727 3436 1730 3441 ’
1749 3449 1890 3527 addun-

272 3595 348 3673 tur,
375 3583 413 3658 dc
440 3585 510 3651 arrle
535 3572 755 3667 aanpneninn
776 3567 940 3665 ferundam
967 3569 1068 3642 odora
1093 3561 1244 3664 φφὶιαηίι
1273 3590 1331 3640 nnn
1353 3572 1549 3642 ammonnr.
1580 3575 1592 3593 ·’

366 3742 429 3824 Ad
451 3737 606 3842 primam
631 3734 719 3807 Ant
743 3737 797 3806 ne
821 3741 889 3806 ona
913 3731 965 3826 est.
1032 3728 1113 3806 Post
1145 3728 1344 3829 capitulum
1379 3728 1497 3827 primo
1525 3727 1624 3823 figno
1656 3728 1703 3804 ad
1738 3728 1890 3809 terciam

269 3866 426 3969 pulsato,
468 3863 507 3939 dr
531 3853 693 3931 oratione
716 3849 825 3936 satia,
864 3855 942 3926 ans
964 3848 1177 3945 generaliter
1206 3849 1420 3938 vestiuntur,
1466 3850 1504 3927 dt
1529 3849 1726 3927 secundum
1755 3846 1890 3945 signnm

270 3988 438 4087 pulsatur.
501 3976 543 4054 si
570 3973 620 4049 est
648 3970 728 4046 dies
755 3969 939 4046 dominica
967 3968 1083 4045 statim
1109 3973 1174 4072 pasl
1211 3971 1438 4044 denedidinnrn
1473 3992 1549 4064 aque
1578 3964 1737 4065 sequitur
1768 3944 1888 4045 tercia.

243 4104 255 4139 '²
270 4103 481 4183 Proceditur
507 4093 582 4193 post
606 4088 755 4168 terciam
777 4088 894 4188 primo
920 4091 966 4165 ad
996 4088 1034 4165 S.
1056 4088 1211 4165 Mariam
1238 4111 1323 4163 cum
1350 4097 1423 4161 ant
1462 4087 1642 4163 Odsaria.
1676 4128 1728 4147 -
1758 4127 1812 4148 -
1842 4128 1888 4147 -

268 4228 439 4325 sequente
466 4240 553 4295 mox
576 4212 698 4295 milla,
738 4206 865 4285 finon
893 4208 944 4284 est
969 4208 1171 4291 dominica,
1218 4207 1390 4307 premissis
1428 4218 1552 4285 tamen
1580 4205 1694 4304 tropis
1722 4210 1781 4303 0).»
1849 4204 1888 4289 Si

270 4357 394 4423 autem
418 4333 470 4417 est
493 4331 679 4416 dominica
706 4328 862 4426 sequitur
882 4335 923 4408 st.
947 4331 1124 4406 Benediilnr
1155 4336 1206 4427 qni
1233 4335 1318 4419 nemi
1345 4336 1380 4404 in
1404 4336 1531 4406 annin.
1554 4366 1604 4387 -
1630 4365 1680 4384 -
1704 4366 1772 4415 -p

1743 4442 1890 4531 PVRI·

178 4606 190 4614 -
252 4523 257 4531 υ
312 4570 350 4652 n)
375 4567 499 4638 Calan,
522 4563 589 4629 alir's
610 4564 686 4627 enim
707 4559 863 4626 nebannar
882 4557 965 4623 nassa
982 4559 1049 4625 alin
1069 4556 1207 4625 interdiu.

312 4699 350 4781 o)
376 4698 465 4780 Tropi
487 4695 715 4777 eranquidam
736 4691 880 4760 versiculi
907 4701 975 4755 arde
997 4688 1155 4754 Intrailnm
1179 4684 1341 4759 cantaridi,
1375 4694 1408 4751 nt
1436 4687 1467 4748 in
1496 4682 1661 4749 Nannenate
1689 4681 1816 4747 Domied
1841 4680 1886 4746 ln'r

354 4807 437 4871 Ecce
457 4802 557 4875 adest,
585 4804 624 4867 de
645 4821 707 4885 quo
729 4799 901 4882 Prophetae
924 4797 1109 4864 Cecinerunt
1129 4803 1193 4864 etc.
1224 4792 1300 4859 Vide
1318 4791 1458 4860 Barna.
1480 4791 1601 4859 man
1621 4786 1706 4876 apud
1724 4788 1769 4856 dre
1787 4789 1887 4857 naa

357 4911 395 4977 V.
417 4909 551 4994 leopos.
