4276 5670
751 419 1275 537 semme
1487 443 1492 451 ·
1731 427 1952 509 „129'

248 604 371 695 crida,
394 613 436 681 vt
456 579 663 702 apportetur
683 608 851 696 paratura
878 623 961 676 cum
991 625 1063 700 qua
1086 600 1282 675 celebretur
1308 595 1424 684 milla,
1450 593 1679 695 molliterque
1702 593 1877 673 ministro·
1903 643 1913 659 2

197 770 203 777 ·
244 750 329 806 rum
355 724 481 802 altaris
501 726 689 799 nonomen
710 725 914 795 calciamento.
966 720 1064 798 Cum
1085 722 1237 798 veniunt
1256 720 1300 794 ad
1321 716 1476 792 hostium
1503 716 1680 803 vetlsull,
1705 704 1885 792 stantibus

247 842 485 923 elemosmarii
505 841 652 918 famulb
671 862 738 914 erent
750 850 869 936 gemino
878 841 965 939 fasce
981 844 1169 925 bandorum,
1196 837 1319 935 finguli
1340 825 1494 933 frogulos
1523 837 1722 934 accipiunt,
1760 837 1879 934 capita

248 971 372 1042 areolis
397 965 435 1059 ⁶)
456 986 530 1038 non
555 960 732 1059 operiunt.
787 960 984 1037 Venientes
1009 962 1055 1036 ad
1076 959 1232 1036 hostium
1255 957 1402 1035 ecclesre
1425 942 1533 1053 quam
1558 967 1687 1055 petunt
1710 959 1878 1055 predistir

249 1084 396 1164 omnis
418 1087 538 1157 breno
562 1083 704 1153 reddunt.
778 1079 907 1156 Cantu
932 1081 980 1155 de
1005 1079 1130 1155 sanclis
1157 1102 1282 1174 qnorum
1312 1082 1360 1153 'r'br'
1373 1081 1452 1174 sent
1469 1084 1643 1174 prrrnerntn
1664 1100 1749 1154 cum
1779 1078 1879 1154 versu
1911 1147 1914 1151 .

251 1188 473 1300 colledlaque
497 1199 619 1284 linito,
633 1198 765 1308 agitur
790 1199 911 1273 oracio
935 1222 1019 1274 cum
1044 1196 1284 1274 inclinacione
1310 1197 1487 1273 consueta
1551 1195 1707 1271 Fratres
1717 1218 1801 1273 vero
1824 1218 1879 1273 re·

253 1323 385 1446 liquias
411 1319 610 1409 santtorum
637 1329 825 1416 portantes
858 1340 946 1395 mox
977 1319 1015 1394 in
1041 1318 1193 1394 introitu
1217 1319 1313 1415 stepen
1345 1322 1390 1393 nlt
1375 1328 1443 1392 tore
1475 1341 1525 1390 ers
1546 1328 1680 1416 ponunt,
1721 1315 1759 1393 de
1790 1328 1879 1393 tunc
1976 1410 1980 1419 Ι

252 1441 377 1537 mern
405 1450 513 1538 petunt
549 1461 659 1538 quarn
693 1448 814 1514 tamen
849 1438 981 1536 postea
994 1464 1062 1514 eron
1095 1463 1146 1512 eos
1177 1445 1356 1535 receperint,
1395 1437 1621 1534 premittunt.
1701 1435 1879 1513 oracione
1916 1459 1918 1463 ’
1978 1486 1980 1490 ,

254 1561 436 1661 completa
469 1583 491 1634 a
521 1558 703 1634 sacerdote
731 1558 989 1633 ebdomadario
1026 1583 1124 1633 nona
1158 1556 1328 1652 incipitur
1355 1557 1418 1654 qui
1453 1558 1492 1635 de
1517 1583 1603 1635 mox
1631 1581 1715 1634 cum
1748 1556 1880 1633 ceteris

237 1683 303 1760 fad
318 1694 367 1758 ‘m
363 1679 470 1755 illam
492 1678 612 1776 norell
636 1680 671 1751 de
695 1684 807 1752 monio
833 1676 1085 1754 ministraturis
1110 1674 1273 1760 vellitur,
1312 1696 1383 1774 que
1409 1678 1526 1754 eciam
1551 1680 1687 1777 absque
1710 1677 1890 1775 pulsacio.

257 1826 308 1897 oe
326 1803 483 1877 dotorum
508 1799 687 1893 fignorum
713 1797 865 1875 canitur.
916 1799 998 1874 Post
1022 1797 1177 1896 primam
1201 1797 1384 1873 collectam
1400 1821 1482 1873 -non
1509 1797 1571 1872 nilr
1597 1797 1710 1873 altera
1732 1798 1780 1874 de
1805 1796 1882 1874 san·

258 1924 312 2000 llo
337 1931 425 2016 crpus
457 1923 500 1993 r'lr'
523 1924 666 1993 memorio
691 1919 733 2015 est
758 1919 920 1994 additur..
989 1917 1070 1996 Post
1100 1917 1233 1996 lestum
1259 1901 1490 2012 euangelium
1512 1925 1703 2005 cernentur,
1742 1915 1881 2014 infirmn-

259 2049 344 2127 rins,
368 2039 581 2131 refectorarius
603 2047 750 2136 accepta
773 2036 926 2113 licencia
948 2048 1188 2115 reuertuntur.
1243 2037 1329 2113 Vnus
1347 2032 1438 2132 offert
1464 2041 1501 2115 dr
1520 2055 1625 2137 peren
1648 2045 1767 2136 ncipit.

352 2229 502 2308 interim
530 2232 575 2307 ab
600 2227 719 2326 aliquo
744 2229 888 2304 custode
910 2229 971 2327 qui
1000 2230 1037 2304 in
1061 2226 1274 2305 monasterio
1301 2230 1519 2306 remanserat
1542 2230 1631 2305 hora
1659 2232 1883 2330 competenti

263 2376 356 2430 nona
380 2349 554 2451 pulsatur,
598 2370 670 2448 que
701 2349 740 2427 de
767 2373 789 2424 a
815 2348 982 2426 fratribus
1009 2350 1072 2449 qui
1101 2372 1165 2448 pre
1202 2347 1447 2428 imbecillitate
1482 2350 1688 2449 procellroni
1718 2350 1883 2430 intereffe

264 2498 334 2552 non
360 2479 548 2571 poterant,
588 2469 633 2547 &¹
652 2470 696 2547 ab
730 2469 886 2546 infirmis
922 2476 998 2545 tam
1029 2470 1066 2546 in
1087 2472 1261 2572 rnonnflen'o
1290 2456 1399 2568 quam
1431 2473 1471 2544 erl
1494 2473 1529 2545 S.
1557 2467 1697 2547 Mortem
1731 2475 1883 2552 canitur.

268 2593 341 2669 Poll
366 2592 479 2667 finem
496 2587 807 2698 -millerconfident
826 2589 978 2667 voiuersr
1008 2592 1127 2666 donec
1155 2590 1294 2683 otenfllr'n
1323 2588 1404 2689 mille
1430 2592 1505 2687 jam
1535 2615 1645 2692 prope
1670 2593 1885 2692 complicata

224 2705 232 2720 ’
267 2711 396 2791 luerint
433 2707 680 2788 &collocata
756 2709 827 2812 1²0ss
853 2723 989 2806 acceptor
1010 2717 1153 2807 reliquiar
1182 2712 1255 2786 duo
1283 2709 1411 2786 fratres
1438 2712 1569 2811 quibus
1591 2713 1662 2788 hoc
1687 2715 1731 2790 ab
1752 2723 1886 2792 armario

269 2831 462 2937 injonstum
487 2822 615 2917 fuerit,
639 2828 812 2904 letaniam
833 2853 901 2926 qne
924 2831 1000 2927 post
1031 2831 1186 2928 primam
1214 2829 1387 2905 recitatur
1417 2841 1511 2907 tonali
1530 2843 1778 2931 pronunciatione
1806 2858 1886 2934 pre·
1930 2884 1933 2887 -
1959 2915 1964 2927 ,

270 2953 410 3038 donat,
463 2947 523 3024 sed
554 2959 695 3024 mutato
722 2949 803 3044 ejus
832 2947 1029 3045 primordio
1057 2950 1146 3027 srcut
1173 2949 1411 3051 semperlieri
1443 2951 1530 3027 solet
1551 2952 1589 3029 in
1614 2954 1779 3032 letaniari
1806 2979 1887 3054 pro-
1926 2946 1928 2961 '

204 3056 209 3066 ’
271 3072 427 3167 cellione.
475 3066 605 3163 Egrellr
626 3076 738 3144 iterun
763 3072 881 3142 loculos
902 3069 1091 3167 recipiunt.
1158 3072 1217 3147 Ad
1242 3069 1498 3149 monasterium
1520 3074 1652 3150 reuerfi·
1674 3076 1803 3152 fratres
1823 3077 1886 3176 qui

270 3191 434 3290 reliquias
446 3187 653 3265 ‘ianitorum
683 3197 920 3284 portauerant
944 3197 977 3263 r'n
1004 3198 1101 3265 altore
1130 3215 1181 3265 ens
1206 3202 1377 3288 reponentes
1402 3214 1521 3288 genua
1553 3195 1711 3273 flettunt.
1776 3197 1887 3270 Leta-

272 3312 328 3387 nia
349 3333 438 3389 vero
467 3315 501 3383 e'n
527 3318 648 3381 tanturn
672 3314 891 3404 prolongetur,
928 3321 970 3390 vt
993 3312 1178 3410 postquam
1203 3323 1409 3389 conuentus
1434 3311 1468 3386 se
1493 3313 1530 3386 in
1556 3315 1666 3388 choro
1689 3314 1887 3391 collocaue·
1997 3338 2003 3371 ¹

274 3430 332 3518 rit,
356 3431 396 3506 de
425 3425 578 3524 pullacio
605 3424 782 3520 lignorum
809 3428 1010 3514 cellauerit‚
1037 3443 1125 3507 tunc
1153 3432 1309 3529 primum
1340 3455 1439 3531 agnes
1461 3437 1518 3533 eleix
1532 3431 1736 3532 incipiatur:
1793 3437 1890 3514 Post·

276 3573 377 3648 quarn
403 3547 533 3623 fratres
555 3545 590 3620 se
615 3553 812 3622 erlctonen'nt
829 3552 997 3646 cymbalo
1023 3550 1179 3647 percusso
1199 3551 1246 3627 ad
1271 3551 1463 3644 refellentem
1485 3556 1633 3633 vadunt
1685 3556 1813 3635 Oblate
1829 3557 1889 3656 ff)

277 3667 322 3764 ibi
342 3689 416 3751 non
445 3666 587 3742 dantur.
638 3667 781 3766 Vesperi
795 3686 856 3766 pro
874 3667 1019 3764 fidelibus
1043 3669 1192 3762 dn‘nnttr's
1228 3683 1394 3768 aguntur.

961 3886 1091 3963 DIE
1139 3885 1192 3964 ΙΙ.

316 4174 319 4179 ¹
367 4065 409 4142 ln
436 4063 591 4141 secunda
617 4021 677 4140 die
702 4062 755 4139 nil
780 4073 943 4142 mutatur
965 4062 1158 4166 de'prioris
1184 4069 1258 4148 diei
1284 4070 1556 4158 obseruacione‚
1586 4070 1612 4148 fi
1641 4080 1891 4154 tamen‘vtra·

286 4207 347 4284 qne
367 4198 467 4263 caret
477 4185 653 4284 sannorum
669 4185 857 4286 selinunte,
880 4201 1026 4285 propter
1049 4189 1144 4287 quod
1167 4194 1283 4265 collem
1305 4204 1391 4267 ante
1409 4191 1583 4288 egrellurn
1597 4194 1801 4273 monasterii
1824 4196 1894 4273 alia
1941 4232 1943 4239 >

288 4305 329 4382 est
346 4329 455 4408 quam
479 4304 517 4381 in
541 4303 648 4403 priori
674 4303 745 4382 die.
795 4306 888 4385 Item
912 4306 982 4385 hec
1008 4320 1170 4387 mutatur
1196 4308 1235 4387 in
1258 4317 1353 4389 tercie
1375 4315 1433 4389 din
1799 4338 1809 4346 ·

300 4460 304 4465 ·
1820 4435 1895 4514 DE

323 4567 355 4654 )
373 4568 468 4635 Hodie
488 4569 647 4653 caputium
668 4587 814 4646 vocamus.

326 4738 368 4813 ω)
391 4735 435 4801 m
464 4736 544 4800 enim
569 4753 662 4820 panes
678 4735 876 4826 candrdfflnr'
900 4758 957 4825 per
987 4736 1139 4806 relebrrora
1171 4748 1287 4808 tontum
1311 4739 1387 4832 sesto
1414 4740 1654 4832 dispensabuntur
1682 4757 1716 4814 ot
1740 4768 1780 4814 ex
1807 4747 1897 4814 Petro
2005 4693 2007 4696 >

363 4843 455 4912 Bne.
456 4820 560 4927 Iar,
583 4840 677 4936 ΕΜ.
698 4865 728 4915 1.
750 4847 865 4936 conflat.
992 4944 995 4951 Ι
1153 4926 1191 5010 R
1963 4839 1965 4846 ¹
