4276 5670
394 386 470 486 nri
767 486 769 490 ⁸
997 383 1422 483 femma

395 578 505 648 natus
530 566 601 644 sno
629 569 792 664 tempore
820 564 1055 666 mulsplioes'
1076 569 1213 646 frotius
1249 579 1383 657 metet,
1438 568 1523 650 &a
1557 566 1724 649 Domino·
1750 568 1830 649 Deo
1864 568 2030 651 laborum

394 692 538 770 suorum
565 698 752 764 aeternam
781 690 989 764 mercedem
1020 687 1183 785 accipiet.
1929 735 1930 738 ι

389 976 414 1000 .-
490 925 689 1015 Praeterita
713 926 845 1003 aestate
868 947 990 1004 rerum
1021 923 1213 1019 meliorum
1243 946 1377 1024 magna
1398 928 1476 1026 spes
1499 924 1698 1018 affulserat,
1729 951 1827 1030 curn
1849 952 1903 1004 ex·
1920 927 2029 1005 stolio

389 1043 533 1149 ,veniet
552 1045 771 1144 ¹lipotlolica
803 1047 1014 1124 austoritate
1043 1044 1183 1134 misius,
1233 1045 1300 1124 Vir
1338 1045 1447 1123 nostri
1480 1046 1638 1134 ordinis,
1688 1051 1770 1125 sane
1804 1050 1950 1136 doslus,
1970 1049 2030 1133 ,dt
2088 1142 2091 1148 ,

392 1187 477 1244 cum
503 1163 632 1264 primis
661 1167 699 1240 in
727 1165 926 1242 Monastico
948 1164 1114 1242 instituto
1146 1164 1327 1252 versatus,
1362 1165 1424 1264 qui
1448 1165 1635 1265 collapsam
1660 1169 1895 1267 Disciplinam
1916 1169 2029 1287 pristi-

391 1307 442 1361 nn
477 1283 587 1361 nitori
626 1285 826 1362 restituere
847 1285 1021 1373 debebat,·
1066 1299 1105 1360 at
1130 1286 1248 1362 nescio
1264 1307 1357 1383 qua
1389 1284 1626 1364 infoelicitate
1654 1301 1807 1367 conatus
1831 1289 1887 1366 isti
1917 1290 2029 1364 inter·

391 1404 570 1485 ciderunt.
632 1405 785 1507 Sperare
812 1417 1038 1481 tamennon
1074 1404 1253 1492 desnam,
1301 1404 1443 1481 fortasse
1468 1405 1589 1507 adhuc
1622 1407 1816 1507 aliquando
1844 1406 2025 1493 ιιιιιιιιιιιι.

391 1534 433 1604 ιι
460 1524 519 1606 ιιι
547 1523 619 1611 hoc
652 1524 807 1623 repetito
830 1524 961 1609 modo,
1009 1522 1068 1602 vel
1092 1523 1172 1601 aliis
1202 1523 1397 1614 remediis,
1437 1525 1611 1603 nobis&
1636 1527 1766 1604 nostris
1794 1527 2026 1605 Monalieriis

391 1646 634 1748 prospiciatur.
696 1636 847 1722 interim'
873 1647 970 1742 quod
992 1644 1145 1742 quisque
1168 1644 1204 1718 in
1232 1643 1292 1718 suo
1318 1644 1535 1721 Monasterio
1563 1646 1694 1744 potest,
1734 1671 1797 1746 pro
1828 1630 1934 1727 Virili
1965 1670 2024 1724 co·

393 1778 503 1859 netur
526 1766 563 1842 dt
584 1765 712 1852 saciat,
756 1769 793 1842 dr
818 1787 863 1838 ea
883 1763 982 1840 instit
983 1778 1047 1840 uat
1070 1767 1107 1842 dt
1140 1762 1386 1867 prosequatur,
1427 1787 1521 1862 quae
1551 1768 1598 1843 ad
1626 1767 1827 1865 Religionis
1851 1782 2027 1889 augmen·

392 1888 537 1976 turm&
567 1886 614 1962 ad
642 1884 809 1983 ejusdem
833 1883 1154 1960 Conseruationem
1173 1883 1292 1959 iacere
1316 1878 1544 1962 videbuntur.

488 2123 541 2204 Vt
565 2133 689 2200 autern
721 2125 768 2201 ad
791 2146 869 2200 rem
891 2120 1105 2223 propositam
1130 2124 1295 2211 redeam,
1322 2121 1499 2219 intelliget
1519 2148 1577 2200 ex
1589 2122 1873 2219 hisi'ntemitas
1898 2121 2028 2212 vestra,

394 2244 482 2344 quid
515 2244 691 2342 praeliare
723 2244 820 2342 apud
851 2267 918 2319 nos
949 2244 1135 2341 poffimus,
1175 2245 1232 2340 qui
1254 2245 1315 2343 ιιι
1342 2242 1451 2321 doceri
1474 2249 1628 2345 cupium.
1694 2243 1764 2320 His
1792 2255 1917 2319 tamen
1948 2266 2025 2320 non

250 2343 255 2361 ⁸
391 2365 634 2455 obstantibus,
675 2377 716 2442 vt
748 2385 869 2441 meam
895 2386 979 2459 erga
1007 2363 1163 2442 vestrum
1193 2361 1463 2440 Monalierium
1476 2366 1684 2463 propensam
1715 2363 1939 2442 voluntatem
1970 2384 2027 2441 re·

390 2484 464 2585 ipsa
498 2487 702 2568 declarem,
746 2483 964 2575 concedam,
1014 2495 1054 2558 vt
1088 2482 1229 2579 petitis,
1252 2481 1513 2570 Monachum
1561 2509 1670 2584 quem
1709 2498 1832 2559 tamen
1869 2483 2029 2580 primum

391 2606 469 2705 post
495 2605 633 2682 Pascha
662 2627 683 2679 a
711 2603 818 2680 nobis
848 2601 991 2678 mallem
1018 2601 1216 2687 discedere,
1250 2624 1344 2699 quae
1371 2627 1472 2705 mora
1495 2628 1606 2703 parua
1629 2603 1804 2682 censenda
1829 2604 1896 2689 est,
1920 2594 2036 2702 prae-³

244 2763 249 2771 ·
390 2724 511 2817 sertim
541 2723 681 2824 quod
670 2745 707 2800 ιιι
743 2722 804 2822 rps
807 2747 826 2799 s
861 2719 1086 2799 paschalibus
1123 2721 1224 2796 feriis
1258 2721 1328 2797 iter
1351 2723 1398 2801 ad
1432 2747 1497 2800 vos
1524 2723 1669 2801 volente
1693 2723 1805 2797 Deo
1795 2722 1887 2809 inire
1913 2726 2023 2800 debe·
2072 2772 2103 2817 ‚-

390 2833 454 2924 bit.
504 2846 616 2947 Porro
646 2840 879 2920 paternitatis
907 2841 1042 2918 vestrae
1063 2841 1373 2918 Conuentualem
1389 2841 1434 2920 ι’
1468 2843 1646 2945 Georgium
1675 2840 1889 2941 usserman
1921 2865 1964 2917 ac
1996 2841 2022 2919 ιι

238 3010 240 3012 -
391 2972 487 3045 unus
513 2944 598 3042 ellet
624 2989 672 3040 ex
699 2965 821 3047 nobis,
853 2961 1138 3060 excipiemus&
1164 2963 1417 3048 tractabimus,
1455 2973 1495 3039 ιι
1520 2962 1720 3039 caritatem
1753 2962 1910 3039 nostram
1940 2960 2024 3039 disr-

385 3088 517 3164 derare
554 3109 772 3183 numquam,
815 3093 855 3158 ιι
876 3083 1038 3167 consido,
1084 3081 1202 3181 pollit,
1254 3084 1362 3182 atque
1394 3081 1615 3159 mundonem
1652 3082 1772 3159 eidem
1802 3081 2024 3173 offerrimus,

286 3216 293 3222 '
370 3198 503 3307 ‚quam
546 3208 611 3283 diu
635 3205 739 3282 vobis
764 3202 962 3278 videbitur
1019 3201 1122 3277 Deus
1151 3202 1192 3278 ιι
1219 3205 1441 3280 nobiscum.-
1482 3201 1545 3291 E,
1562 3200 1601 3281 S
1637 3202 1720 3280 Gau
1706 3205 1806 3281 l.ob
1839 3201 2026 3352 februaris

391 3328 480 3406 Anu
535 3347 641 3423 1595
692 3323 733 3400 F
759 3321 948 3439 Georgius
964 3322 1058 3400 Abb.
1085 3322 1284 3419 Weingart.
1391 3429 1394 3433 ἢ
1478 3332 1480 3337 ’

340 3568 342 3573 ’
393 3572 397 3577 ’
489 3566 569 3643 Has
604 3564 733 3640 eodem
765 3584 862 3639 anno
892 3559 991 3636 sexto
1020 3559 1136 3637 statim
1164 3561 1303 3653 *abhinc
1330 3560 1394 3638 die
1423 3562 1548 3639 Abbas
1587 3558 1628 3638 S.‘
1649 3558 1762 3666 -Bsnfii
1792 3561 2025 3661 sequentibus

391 3682 632 3790 prosequutus
667 3682 735 3758 est':
782 3683 999 3756 Reuerende
1022 3682 1058 3757 in
1087 3680 1229 3757 Chrisio
1258 3683 1365 3756 Pater
1398 3705 1440 3758 ac
1467 3680 1634 3771 Domine.
1682 3682 1857 3758 'Litteras
1888 3683 2023 3760 vestras

392 3819 427 3888 b.
454 3804 640 3883 Februarii
667 3802 751 3881 eS
783 3802 884 3901 Gallo
909 3803 954 3876 ad
982 3825 1050 3876 nos
1075 3803 1182 3877 datas
1212 3825 1265 3876 ιι.
1290 3800 1454 3896 ejusdem
1480 3801 1705 3899 accepimus,
1750 3804 1879 3899 quibus
1906 3803 2023 3881 breui·

392 3929 450 4007 'ter
473 3925 684 4026 respondere
709 3922 894 4002 necesitas
919 3944 987 3996 nos
1014 3921 1147 4028 cogit.
1167 3920 1265 3997 Nam
1291 3919 1370 3995 illas
1395 3920 1519 4017 legens
1546 3945 1594 3995 err
1622 3921 1814 4020 improuiso
1845 3945 1909 4019 per
1945 3924 2021 4001 Lit-

391 4056 488 4126 teras
522 4069 543 4122 a
573 4043 763 4140 Regimine
786 4023 1035 4143 Eufislzer'menst
1057 4039 1279 4116 transmissas
1312 4039 1420 4116 illico
1438 4041 1563 4120 hinc
1553 4058 1599 4148 ιιι
1623 4038 1809 4144 Enstsieim
1840 4042 2021 4120 auocabar

255 4211 258 4223 =
347 4179 351 4191 '
393 4178 551 4270 propter
559 4163 741 4242 tumultus
778 4161 966 4238 &turbas
997 4163 1198 4258 quasdam,
1237 4184 1329 4259 quas
1370 4183 1391 4236 a
1429 4160 1588 4236 Gallis
1574 4187 1609 4236 ιιι
1634 4161 1837 4261 Burgundio
1870 4164 2021 4242 excitari

305 4371 309 4375 ,
391 4278 658 4382 idaminimus,
705 4281 757 4356 ita
787 4293 826 4357 vt
860 4281 1065 4355 timendum
1094 4278 1158 4368 ιιι,
1215 4305 1262 4355 ne
1297 4280 1390 4356 sorte
1421 4280 1505 4355 istas
1528 4281 1641 4356 etiam
1676 4295 1796 4379 partes
1832 4281 2020 4360 inuadantt
2108 4360 2113 4370 ,

357 4457 360 4459 >
394 4406 541 4484 Maturo
566 4406 675 4503 igitur
698 4399 843 4476 confilio
867 4398 973 4473 hac'
962 4423 1001 4474 ιιι
1023 4413 1125 4497 parte
1149 4424 1240 4496 opus
1266 4399 1325 4475 est.
1376 4399 1596 4476 Diuturnum
1622 4401 1759 4477 vestrae
1785 4400 2020 4482 Patemitatis

391 4527 569 4605 silentium
601 4521 824 4620 grauioribus
858 4519 1014 4615 negotiis
1047 4519 1169 4616 potius
1204 4519 1477 4620 adscribendum
1510 4530 1621 4618 puto,
1682 4542 1791 4616 quam
1831 4533 1872 4599 vt
1912 4523 2020 4601 nostrl

327 4725 336 4737 ,
391 4648 495 4726 causa
517 4645 629 4722 fuerit
661 4635 831 4739 indignae
866 4638 1022 4735 alicujus
1054 4640 1300 4776 suspicionis,
1326 4652 1367 4718 vt
1389 4617 1540 4738 proinde
1564 4641 1795 4716 excusatione
1818 4665 1892 4716 non
1919 4667 2019 4743 mag·

391 4769 525 4927 inopere
548 4766 642 4867 opus
663 4762 790 4839 suerit.
834 4759 1009 4837 Cetemm
1034 4761 1198 4889 animum
1220 4748 1361 4842 vestrae
1373 4741 1608 4838 paternitatis
1629 4772 1708 4852 tam
1729 4776 1950 4861 promptum
1962 4786 2021 4841 er
2076 4759 2084 4777 ‘

1973 4911 2020 4984 8⁸

1734 5043 1764 5093 ι,
