4276 5670
164 540 171 564 ’
264 553 393 642 „cium
420 553 499 649 jure
539 548 580 624 lit
618 547 852 646 negandum
898 547 958 624 vbi
987 546 1127 623 nullum
1162 543 1384 644 praecesserit
1414 545 1602 630 meritum,
1639 556 1763 624 tamen
1798 547 1885 645 quia

265 671 493 762 „Charitatis
517 669 604 745 Zelo
628 658 693 746 vos
718 669 859 743 seruere
886 664 1036 750 scimus,
1076 690 1167 746 curu
1196 664 1329 745 sidncia
1353 663 1513 760 pleniore
1545 665 1721 762 postulata
1744 669 1891 749 accedi·,

145 845 151 854 -
263 850 284 884 ‚‚
293 818 393 881 mus,
442 790 674 885 omnigenam
709 784 911 870 diletlionis
930 832 934 841 ·
950 785 1097 862 vestrae
1126 784 1433 862 Beneuolentiam
1470 803 1492 860 a
1522 783 1682 880 pluribus
1721 786 1887 864 maxime

261 911 605 1003 „commendatam
646 906 847 1002 subjetliuis
871 905 1037 1003 precibus
1070 893 1329 1004 implorantes,
1368 917 1546 1002 quatenus
1573 905 1622 982 ob
1639 902 1892 987 reuerentiam·

260 1032 361 1122 „Dei
389 1034 426 1111 dr
456 1027 622 1115 Ordinis,
647 1050 811 1100 necnon
844 1024 1039 1102 humilium
1068 1028 1184 1138 tptius
1214 1024 1321 1099 noliri
1351 1025 1566 1133 Conuentus
1592 1037 1739 1124 precum
1771 1026 1885 1130 inter·

258 1207 282 1240 ,.
290 1162 422 1233 ventu,
447 1149 529 1226 Vos.
544 1173 568 1221 o
590 1150 657 1221 Rae
679 1144 824 1233 Abbas,
848 1145 1023 1243 vestrique
1048 1143 1271 1221 successores
1287 1145 1381 1240 semei
1401 1152 1435 1218 in
1454 1168 1532 1219 anno
1553 1149 1594 1219 ad
1616 1154 1717 1222 ninas
1738 1146 1778 1223 in
1801 1152 1906 1244 proi

258 1271 366 1369 „pria
386 1246 534 1366 persona
555 1268 707 1342 domum
735 1266 890 1341 nostram
919 1265 1064 1358 orfitandi
1085 1273 1202 1359 gratia
1220 1265 1457 1348 accedentes,
1490 1262 1622 1353 assiriis
1640 1271 1782 1353 randnn,
1815 1279 1886 1342 tarn

9 1426 12 1434 ·
257 1401 326 1481 „in
340 1391 575 1488 spiritualibus,
600 1411 689 1483 quom
713 1391 949 1482 temporalibus,
984 1386 1022 1462 dt
1042 1386 1067 1460 sr
1090 1386 1177 1483 quid
1202 1384 1376 1459 subtilitas
1401 1383 1516 1460 vestra
1540 1383 1674 1494 ibidern
1703 1385 1886 1483 corrigen-

134 1604 135 1609 Ν
260 1513 379 1602 „dum
400 1503 601 1593 inuenerit,
627 1507 725 1604 quod
743 1505 854 1580 nimis
875 1506 1082 1603 perplexum
1111 1506 1149 1581 in
1177 1504 1372 1600 judicando
1396 1503 1533 1580 nostras
1562 1506 1654 1581 sorte
1690 1507 1787 1584 vires
1812 1505 1899 1582 sex-r

256 1632 411 1721 „cedat,
437 1637 544 1726 prout
571 1626 659 1702 lima
683 1626 912 1701 correttionis
945 1627 1107 1722 indigere
1134 1624 1328 1707 uoueritis,
1356 1646 1426 1698 nec
1447 1648 1521 1701 non
1548 1611 1885 1724 expedire‘videri·

257 1805 280 1839 „
289 1753 356 1835 tis,
380 1747 574 1825 Ananiae
603 1751 738 1829 ordinis,
778 1750 820 1831 ἐφ’
840 1751 913 1842 jora
941 1749 1165 1832 Paterniiatir,
1199 1745 1297 1843 quod
1331 1744 1435 1820 vobis
1464 1767 1585 1823 coram
1613 1746 1691 1822 Deo
1723 1749 1881 1847 spettare

255 1869 515 1971 „prolitemur‚
540 1865 737 1942 secundum
761 1865 880 1943 Deum
906 1869 943 1945 dr
971 1866 1128 1972 sormam
1151 1864 1299 1942 Ordinis
1311 1864 1329 1945 i
1352 1877 1419 1941 tam
1444 1873 1594 1966 incapite
1614 1890 1704 1964 quarn
1729 1877 1764 1944 in
1785 1892 1883 1942 mnn-

191 2057 201 2079 ,
255 1996 356 2085 „iric
374 1987 531 2088 finaliter
553 1986 729 2081 corrigere
750 1987 961 2084 dignemini.
1274 1986 1283 1998 ‘
1879 2008 1881 2012 ·

351 2227 475 2316 „Sane
498 2225 557 2302 his
581 2226 776 2325 praemissis
792 2226 971 2304 Charitati
991 2227 1144 2314 vestrae,
1170 2250 1262 2324 quae
1282 2224 1426 2322 longius
1448 2225 1683 2324 respergendo
1699 2225 1733 2302 se
1747 2225 1880 2303 dilata·
1903 2260 1915 2283 ·

222 2368 228 2380 ‘
254 2347 363 2436 „'nit,
389 2353 486 2445 saper
509 2353 707 2421 normantia
719 2348 841 2444 saepias
867 2351 953 2422 nobis
975 2342 1111 2424 arbitria
1132 2352 1239 2423 obnixe
1258 2355 1485 2441 regratiamur,
1515 2370 1649 2424 munus
1674 2347 1884 2426 orationum

253 2467 502 2557 „nostrarum
535 2487 619 2542 cum
640 2465 692 2541 nil
717 2465 849 2544 melius
871 2467 1002 2545 habere
1026 2467 1208 2566 possumus
1231 2466 1336 2540 nobis
1360 2469 1663 2544 transmittentes.
1733 2466 1792 2543 Ex
1818 2469 1881 2564 pio

253 2610 417 2683 „nempe
445 2584 653 2661 deuotionis
682 2586 828 2676 assettu,
880 2611 988 2687 quarn
1016 2611 1100 2684 erga
1128 2589 1281 2663 domum
1307 2586 1462 2664 nostram
1490 2610 1567 2666 vos,
1589 2587 1723 2665 habere
1749 2586 1889 2671 didici·-

253 2693 276 2797 „
285 2730 388 2791 mus,
411 2703 475 2802 qui
496 2705 685 2805 bucusque
709 2709 804 2783 bono
829 2710 941 2785 odore
960 2708 1243 2786 immediocriter
1262 2707 1445 2802 flagrauit,
1471 2705 1883 2807 nciffitudinemfflquam
1915 2804 1923 2812 ἢ

154 2842 163 2932 ζ
254 2828 487 2927 „possumus,
527 2825 716 2925 quasmuis
737 2808 926 2924 indignam
949 2843 1074 2906 mente
1094 2826 1269 2904 beneuola
1306 2827 1408 2905 vobis
1433 2827 1692 2924 rependentes,
1728 2830 1879 2926 plenam

252 2945 600 3044 „participationem
628 2947 834 3024 orationum
868 2951 907 3028 dt
935 2949 1099 3025 omniurn
1130 2948 1366 3046 spiritualium
1397 2946 1672 3032 beneficiorum,
1710 2971 1804 3047 quae
1828 2951 1879 3025 'de
1923 2934 1926 2938 Α

254 3046 404 3158 „cetero'
421 3063 522 3139 sient
550 3067 645 3163 apud
681 3089 751 3140 nos
790 3066 894 3144 vobis
925 3068 1080 3163 benigna
1110 3058 1287 3143 charitate
1318 3068 1573 3149 concedimus.
1648 3065 1880 3154 Adiicientes

253 3191 334 3279 „de
354 3183 543 3263 dilettione
568 3181 725 3280 speciali,
759 3188 858 3285 quod
882 3211 966 3264 cum
992 3189 1111 3265 obitus
1141 3187 1402 3286 cujuscumque
1426 3187 1581 3264 vestrum
1602 3184 1879 3275 supremarum

253 3305 486 3395 „testimonio
505 3303 708 3382 Literarum
735 3308 854 3384 nostro
878 3308 1079 3384 innotuerit
1102 3308 1259 3407 capitulo
1279 3320 1423 3384 tantum
1446 3330 1510 3404 pro
1533 3308 1636 3385 vobis
1656 3307 1739 3395 fiet,
1763 3332 1879 3407 quan·

256 3440 364 3518 „turn
396 3450 459 3525 pro
485 3449 555 3500 vna
581 3450 629 3500 ex
663 3409 999 3504 nostris'sororibus
1028 3450 1114 3504 cum
1140 3428 1304 3515 decedit,
1344 3427 1381 3503 in
1396 3471 1398 3475 ν
1414 3424 1542 3512 Missa,
1576 3427 1740 3523 Vigiliis,
1777 3452 1879 3507 com·

192 3559 202 3565 “
254 3544 587 3639 ,‚mentationibus,
610 3545 775 3643 jejuniis,
800 3548 1083 3626 orationibus&
1107 3548 1145 3623 in
1170 3549 1313 3648 psalmis
1335 3547 1412 3625 sieri
1440 3546 1637 3625 consueuit.

349 3788 432 3874 „Vt
458 3806 543 3881 ergo
567 3782 761 3882 praelibata
788 3787 827 3863 in
858 3800 1051 3887 perpetuas
1076 3790 1311 3866 aeternitates
1336 3788 1518 3867 firmitatis
1541 3791 1649 3867 robur
1669 3787 1878 3876 obtineant.

256 3908 325 3996 „dt
350 3930 397 3982 ne
424 3928 445 3980 a
472 3906 634 4003 partibus
663 3908 736 3986 vlla
765 3919 860 3996 arte,
887 3923 951 3985 aut
967 3911 1104 3987 sraude
1140 3911 1319 3988 debilitari
1348 3909 1510 3997 valeant,
1548 3905 1714 4008 praesens
1747 3909 1879 3989 Instru-

255 4039 449 4115 „mentum
475 4024 672 4103 nostrorum
699 4029 905 4106 munimine
930 4029 1313 4139 srgillorumpatente'r
1342 4031 1446 4107 vobis
1470 4031 1659 4106 tradimus*
1674 4032 1879 4108 communi·

257 4159 377 4236 „turn
442 4147 558 4242 Super
583 4146 774 4244 praedidis
805 4150 933 4226 vestras
964 4151 1087 4226 literas
1121 4163 1288 4249 petentes
1311 4152 1371 4227 sub
1391 4151 1653 4248 ⁴chyrographo
1680 4149 1879 4232 vestrorum
1908 4150 1912 4155 ’

256 4267 439 4354 „firmiter
459 4264 648 4360 sigillorum
668 4290 711 4342 ao
733 4267 887 4345 fideliter
909 4271 1106 4345 roboratas.
1180 4272 1318 4348 Datum
1344 4276 1380 4350 dt
1414 4273 1532 4367 atium
1568 4273 1663 4367 apud
1690 4286 1879 4368 praetaxa-

257 4399 369 4476 „tum
393 4385 649 4463 stlonallerinm
679 4387 958 4467 Altenmunster.
1000 4391 1208 4468 AnnoDni
1232 4392 1353 4466 slllllmo
1381 4389 1635 4467 Ducentesimo
1661 4388 1879 4487 sexagefimo

258 4508 425 4593 „odauo
472 4505 513 4580 ln
535 4507 595 4580 die
619 4509 655 4581 S.
682 4509 829 4603 Georgii
852 4509 1032 4606 martyris.
1082 4511 1281 4587 lndittione
1308 4512 1500 4604 vndecima
1521 4521 1695 4604 regnante
1716 4509 1878 4589 Domino

259 4627 406 4714 „nostro
431 4625 511 4726 Jesu
530 4626 671 4707 Cluislo
702 4625 742 4704 in
771 4627 883 4706 Coelo
906 4630 1004 4710 &in
1027 4643 1122 4708 terra
1139 4652 1211 4730 per
1233 4630 1452 4710 immortalia
1478 4630 1602 4708 secula.
1640 4630 1785 4709 Amen..

1673 4934 1687 4959 s
1737 4841 1879 4940 Pressiti
