4276 5670
694 354 1113 461 *ww*
1240 384 1243 395 ’
1665 381 1717 467 47,

97 550 136 621 vt
153 540 274 618 nullus
294 543 478 639 Nepotum
500 541 698 622 nostrorum
713 555 779 621 aut
799 545 1029 621 successorum
1048 545 1199 623 aliorum
1219 544 1259 620 in
1276 545 1371 622 ditio
1388 544 1488 632 loco,
1509 541 1614 622 bonis
1628 542 1710 638 ejus

100 673 163 738 aut
176 660 386 739 homiuibus
404 658 681 740 aduocationem
700 664 875 762 aliquam,
901 665 1144 750 massionem,
1175 665 1233 745 vel
1252 662 1415 760 cujusuis
1431 660 1584 738 dominii
1604 661 1711 755 juris·

93 781 285 860 distionem
309 782 489 879 presumat
514 778 576 858 sibi
598 781 683 880 Jure
706 782 926 859 hereditario
948 784 1158 873 vendicare,
1191 808 1278 862 cum
1303 784 1362 859 his
1391 783 1429 859 br
1448 779 1538 885 aliis
1553 780 1709 857 libertati

93 897 335 999 praefatorum
360 898 551 977 contrariis
582 900 640 975 seu
670 903 771 979 omni
795 904 1003 1001 proprietati
1024 904 1199 1001 praesenti
1229 918 1355 979 tenore
1378 901 1484 998 plene
1503 898 1617 997 liquet
1642 921 1713 976 nos

92 1044 155 1119 per
173 1021 329 1098 liberum
364 1019 552 1096 arbitrium
581 1023 814 1100 renunciasse.
894 1023 1081 1120 Prescripti
1125 1046 1209 1119 ergo
1238 1019 1442 1101 monasterii
1474 1018 1600 1096 tibbas
1627 1042 1713 1096 cum
1859 1022 1861 1026 ’

90 1141 273 1220 Fratribus
295 1124 548 1223 Aduocatum,
574 1138 636 1237 qui
656 1141 773 1216 bonus
799 1145 836 1219 ἀ
858 1141 958 1245 utilis
980 1144 1157 1227 censetur,
1182 1139 1208 1214 fi
1229 1139 1409 1219 voluerint
1430 1130 1492 1214 fibi
1514 1138 1713 1237 preficiant,

93 1265 180 1341 aliar
203 1283 288 1338 cum
317 1257 455 1356 ceperit
482 1256 551 1331 esse
577 1258 747 1335 molestus
775 1260 896 1356 grauis
921 1264 959 1339 dr
988 1259 1178 1356 iniuriosus
1204 1259 1342 1359 repulso
1370 1281 1415 1331 eo
1442 1257 1552 1334 aliurn
1579 1257 1618 1332 in
1643 1256 1712 1333 hu·

89 1380 247 1483 jusmodi
275 1378 436 1456 officium
461 1375 694 1463 substituant,
725 1379 1014 1479 necquicquam
1043 1379 1116 1455 hoc
1144 1377 1395 1474 calumpnians
1428 1375 1592 1454 causetur
1625 1400 1709 1454 eam

90 1502 282 1587 sucoesfiue
306 1494 372 1573 libi
406 1494 565 1573 resistam
596 1495 820 1594 potestatem.
855 1510 925 1572 etc.
951 1512 1019 1575 etc.
1101 1501 1236 1576 Atium
1266 1496 1378 1572 Anno
1411 1497 1561 1573 Domini
1591 1494 1708 1578 lllXC.

91 1622 145 1702 lli.
169 1621 257 1697 ldus
279 1616 375 1693 Iunii
402 1615 527 1693 inditi.
552 1615 608 1692 lll
648 1617 694 1691 ad
721 1615 1000 1712 limpidissimam
1028 1618 1284 1695 certitudinem
1312 1614 1415 1690 Filiis
1440 1615 1568 1690 nostris
1598 1614 1710 1692 Guel-

90 1744 173 1819 so'ne
198 1751 238 1815 et
267 1735 443 1812 Heinrico
471 1733 671 1846 'alian-tibus
702 1738 740 1814 dr
770 1735 1087 1836 consentientibus
1120 1736 1159 1815 dc
1186 1736 1266 1812 aliis
1284 1734 1409 1812 multis
1435 1734 1626 1812 illustribus
1656 1734 1709 1812 vi·

88 1862 139 1940 ric
167 1861 205 1938 dt
226 1856 418 1935 nobilibus.
1395 1901 1397 1905 Α

181 2102 217 2157 2.
241 2074 429 2159 Quantum
455 2092 561 2169 porro
583 2068 735 2146 Guelius
760 2070 820 2149 IV.
848 2071 936 2148 huic
958 2071 1094 2150 Abbati
1125 2076 1164 2152 dr
1184 2070 1377 2151 vniuersm
1404 2069 1620 2149 Monasterio
1641 2091 1705 2145 no·

85 2200 155 2277 stro
176 2190 391 2276 contulerit,
414 2191 518 2286 iuuat
540 2201 725 2272 exterum,
751 2191 808 2265 sed
825 2191 1088 2286 grauissimum,
1114 2217 1271 2291 eumque
1293 2192 1551 2287 Synchronum
1570 2189 1707 2266 Ausin-

85 2342 163 2397 rem
183 2313 313 2392 tellem
334 2311 524 2387 adducere.
574 2307 638 2386 Est
661 2308 694 2383 is
715 2307 937 2387 Bertholdus
961 2311 1240 2389 Constantieusrs
1263 2311 1415 2410 append
1433 2312 1480 2386 ad
1501 2308 1705 2386 Hermann.

85 2429 320 2516 contraitum
351 2429 448 2527 apud
468 2425 587 2505 Vrstii
613 2429 833 2505 Germaniae
859 2428 1117 2521 Historiarum,
1162 2454 1241 2531 pag.
1272 2453 1356 2529 370.
1414 2416 1486 2507 Vbi
1515 2427 1704 2527 postquam

86 2552 238 2662 μείω
260 2553 341 2648 ejus
365 2547 501 2629 onris
521 2557 679 2623 mortem
705 2550 752 2624 ad
775 2571 912 2626 annum
940 2572 1050 2660 1094,
1068 2550 1210 2638 retulit,
1232 2532 1505 2646 haec¹subjicitr
1551 2544 1609 2624 Aa
1627 2547 1705 2642 quad
1779 2623 1783 2628 .

84 2677 309 2772 blmojlrr'm
329 2668 475 2745 Marus
502 2668 568 2764 eius
599 2668 679 2743 Dur
703 2671 851 2765 Capetmn
871 2668 917 2767 ὕ)
940 2670 1033 2768 ipsias
1054 2674 1203 2756 tradidit,
1226 2664 1312 2769 'quoe
1330 2678 1364 2746 in
1387 2694 1464 2744 auro
1487 2670 1531 2756 Θ
1558 2676 1702 2762 argnto,

81 2799 125 2887 θ’
140 2788 354 2896 pratiafiffimit
377 2793 571 2887 paramentis
588 2793 688 2862 millae
712 2791 810 2862 libras
829 2805 905 2884 pena
927 2795 1047 2879 nabit,
1071 2796 1204 2887 idnnqrte
1228 2791 1452 2880 Monoflerium
1479 2797 1513 2864 in
1527 2784 1700 2886 poffeffioni·

81 2922 152 3002 bus,
178 2924 389 3008 cemma-prae
415 2905 527 2997 manis
549 2913 736 2993 maturauit,
751 2905 853 3002 fitquc
873 2915 1083 2996 melioratum,
1107 2914 1205 3008 &dc
1220 2913 1283 3006 saa
1306 2908 1458 3007 Patellata
1479 2917 1701 3003 mancipatam

80 3040 117 3112 s.
143 3035 243 3119 Petro
258 3033 320 3134 sub
344 3033 419 3128 jure
455 3031 621 3100 tributaria
651 3016 857 3119 contradidit,
896 3040 934 3101 ct
957 3026 1145 3125 aspostolicae
1178 3028 1268 3104 Sedi
1297 3027 1430 3105 deinde
1457 3024 1702 3125 principaliter
1727 3008 1733 3018 ’

80 3155 292 3254 subjaceret,
306 3146 346 3226 dr
368 3147 429 3223 sub
447 3148 527 3242 ejus
546 3145 771 3229 defensione,
788 3156 826 3219 ot
846 3152 908 3220 alia
927 3147 1046 3222 Libera
1066 3169 1310 3222 monestrum
1328 3152 1401 3244 jara
1409 3158 1552 3245 perpetuo
1564 3152 1698 3243 polleret.

12 3346 18 3359 ,
79 3274 189 3353 Anno
213 3270 306 3345 item
323 3265 504 3343 MXCIIII.
529 3264 652 3344 Indist.
676 3266 716 3340 ll.
742 3264 813 3339 ΠΗ.
836 3264 922 3341 Idus
941 3266 1083 3355 Martii,
1110 3291 1223 3366 quum
1241 3267 1318 3364 jam
1340 3291 1423 3344 cum
1450 3279 1569 3346 morte
1587 3265 1707 3342 suita-1

77 3406 174 3471 retur
188 3388 326 3465 incluta
350 3386 532 3481 Princeps,
554 3409 646 3484 quae
668 3383 878 3484 &sequenti
898 3384 960 3460 die
978 3385 1085 3473 obiit,
1101 3386 1208 3463 aliam
1227 3385 1371 3483 insuper
1383 3387 1616 3463 Dotatiooem
1633 3385 1698 3460 ob·

77 3513 185 3593 tinuit
209 3505 378 3588 Walicho
392 3504 520 3591 noster,
537 3530 620 3582 cum
635 3509 757 3608 testibus
764 3496 964 3580 Hartmlnna
982 3506 1105 3590 Crinito,
1122 3504 1297 3601 Adalgazo,
1313 3503 1466 3600 Amissa,
1484 3507 1641 3593 Heinriro,
1659 3504 1699 3582 dt

76 3634 237 3721 Heauton,
253 3630 397 3710 cnam,
411 3628 574 3712 Bnourar,
589 3627 761 3722 Rouprrto',
777 3624 965 3714 Adalberta,
987 3621 1178 3701 Theoderico.
1202 3627 1315 3701 Anno
1333 3625 1486 3705 MXCV.
1514 3627 1711 3722 Naggerunr.

75 3753 233 3855 primurm
254 3748 436 3825 Abbatem
466 3744 698 3840 Zmiridenssin
731 3744 889 3842 sepulcro
913 3743 1056 3829 intulit,
1095 3739 1205 3843 atque
1224 3744 1401 3823 Eletiioni
1431 3747 1567 3821 Vdalriai
1594 3768 1697 3841 prae·

74 3872 150 3949 luit
190 3871 288 3949 Rem
303 3868 356 3944 ita
368 3875 489 3941 narrat
504 3867 622 3939 Ortlieb
636 3863 842 3940 Monachus
856 3864 1024 3961 ejusdem
1038 3865 1260 3944 celeberrimi
1281 3862 1476 3948 Asceterii,
1496 3865 1583 3961 Cap.
1599 3865 1705 3960 xvi,

74 4014 150 4092 pag.
174 3989 273 4068 mihi
295 3997 355 4079 bp.
405 3983 544 4081 „igitur
568 3984 750 4062 Dominus
775 3985 942 4081 naggais
968 3984 1096 4061 Abbas
1116 3989 1228 4064 Anno
1261 3987 1308 4061 de
1331 3984 1535 4060 Natiuitate
1563 3982 1695 4061 Christi

75 4109 255 4203 ‚missuro
278 4104 461 4200 nnugefom
487 4113 613 4201 quinto,
649 4102 890 4181 Fundationis
913 4103 1087 4181 Coenobii
1105 4105 1256 4202 Septima
1290 4105 1539 4182 ordinationis
1567 4117 1693 4182 autem

72 4230 189 4327 „Ejus
220 4233 324 4323 priato
351 4222 421 4321 piis
444 4225 609 4300 intentus
639 4224 806 4323 operibus
832 4224 878 4300 IL
907 4225 1020 4300 Nanos
1045 4222 1168 4299 Marcii
1198 4212 1379 4322 de'hujus
1398 4224 1527 4302 mundi
1550 4247 1691 4312 carcere

73 4351 144 4440 „ad
164 4343 272 4423 Coeli
297 4342 473 4444 palatirun
499 4343 617 4421 laetus
646 4345 875 4439 emigrauit„
893 4355 1002 4442 atque
1023 4343 1313 4421 inmarcescibilis
1340 4343 1473 4441 gloriae
1496 4365 1708 4440 coronam,

74 4495 160 4571 „pro
181 4491 255 4576 qua
279 4464 421 4541 menne
442 4464 613 4555 certauit,
651 4465 839 4542 achristo
864 4464 1048 4562 percipere
1077 4464 1223 4542 meruit.
1272 4466 1389 4563 Cujus
1418 4465 1520 4542 obitu
1546 4463 1691 4547 Fratres

203 4608 212 4617 ’
500 4604 508 4611 ’
1489 4587 1689 4662 admodum

44 4775 52 4791 ·
109 4756 143 4840 ⁸)
163 4755 249 4820 Inar
267 4747 382 4816 raim
400 4753 496 4836 pretio
515 4754 596 4816 omni
613 4754 712 4818 carias
738 4750 779 4822 Θ
798 4751 880 4816 nabis
903 4747 1020 4836 simma
1044 4748 1243 4816 internarium
1270 4752 1379 4817 tanam
1407 4750 1462 4816 iilic
1490 4751 1689 4820 mutuor

148 4861 206 4933 SS.
224 4857 362 4949 sargon
378 4855 508 4933 bombi
527 4878 544 4926 e
563 4858 652 4926 ittera
663 4856 829 4945 sanatoris
846 4859 1002 4948 pterim,
1023 4858 1059 4926 dc
1077 4878 1134 4944 quo
1146 4859 1205 4948 silo
1224 4868 1352 4946 tempore
1369 4857 1410 4931 8
1429 4857 1498 4928 loca.
