4276 5670
692 384 1116 482 *mono
1650 399 1724 475 τοι

139 568 142 573 ’
200 565 252 642 Et
276 563 301 641 li
327 567 404 641 otro
428 565 638 663 Capitulum
665 568 703 645 dr
731 565 794 641 alii
824 565 994 664 praeditii
1025 564 1156 643 moniti
1182 561 1487 641 excommunicati
1515 559 1727 637 anathema·

100 681 207 761 tizan
233 685 622 761 excommunicationis
657 687 694 763 dr
717 685 962 762 anathematis
994 686 1208 762 sententiam
1223 683 1395 758 nostram
1421 678 1632 777 hujusmodi
1664 700 1728 776 per

102 804 195 877 allos
219 812 296 879 tres
318 804 398 879 dies
427 803 731 912 ditius-sex'dies
756 803 1131 902 estune-immediate
1163 802 1324 901 sequenti
1352 799 1476 875 animo
1504 799 1602 896 quod
1639 795 1727 872 absrt

101 921 330 1000 hastinnerint
362 921 561 1006 obstinato,
606 919 767 996 similiter
792 946 840 996 ex
868 942 966 997 nunc
988 933 1097 1019 prout
1119 944 1173 995 ex
1197 932 1286 997 tunc
1320 918 1396 1017 pari
1424 918 1571 993 scientia
1599 916 1637 992 &
1663 936 1728 988 au·

101 1040 268 1118 tloritate
288 1037 481 1114 Ecclesiam
505 1061 548 1112 ac
571 1038 771 1115 Ciuitatem
794 1039 836 1117 dc
851 1040 1043 1117 'Dloecesrn
1068 1038 1386 1116 constantiensem.
1457 1036 1537 1113 Nec
1557 1057 1631 1109 non
1657 1033 1726 1107 Eo-

100 1157 226 1234 elelias
252 1157 469 1235 Monalieria
489 1155 528 1234 dt
551 1156 622 1232 alia
647 1157 746 1245 loca,
786 1154 950 1256 adquae
974 1158 1125 1234 eosdem
1152 1155 1488 1233 excommunicatos
1514 1153 1727 1229 anathema·
1844 1159 1852 1167 '

100 1276 237 1353 tizatos
259 1275 441 1351 declinare
462 1287 528 1349 aut
554 1275 729 1350 deuenire
751 1276 960 1377 contigerit,
994 1274 1240 1351 Ecclesiastico
1264 1273 1495 1371 supponimus
1517 1272 1726 1358 interditio,
1770 1360 1773 1367 ,

101 1393 155 1470 ita
180 1400 223 1469 'vt
251 1416 298 1468 eo
330 1393 485 1469 durante
515 1392 606 1468 inibi
637 1398 890 1492 praeterquam
913 1395 952 1469 in
981 1392 1242 1471 solliuitatibus
1271 1397 1310 1471 dr
1339 1392 1476 1470 cahbus
1504 1391 1634 1487 ajuro
1647 1411 1727 1485 per·

101 1512 230 1599 auidis,
271 1514 310 1589 dr
337 1513 376 1587 in
401 1510 473 1585 illis
499 1502 691 1591 dundaxat
711 1510 839 1587 clausis
863 1511 1006 1609 januis,
1049 1516 1088 1592 dr
1108 1509 1434 1588 excommunicatis
1464 1513 1502 1588 dr
1525 1506 1727 1585 interditiis

101 1629 272 1713 uelutis,
298 1651 349 1704 nc'
370 1628 530 1707 submissa
554 1653 662 1715 vocer
696 1653 746 1705 ex
771 1631 905 1729 quouis
924 1631 1038 1709 etiam
1066 1629 1273 1727 Apostolico
1297 1626 1503 1728 priuilegio,
1531 1626 1646 1704 etiam
1669 1617 1728 1702 or·

103 1748 255 1826 dinibus
277 1748 370 1822 locis
400 1747 456 1824 vel
485 1749 644 1844 personis
667 1751 850 1836 concello,
897 1748 1024 1826 Missae
1050 1749 1108 1828 vel
1136 1749 1208 1823 alia
1229 1749 1348 1826 officia
1389 1746 1517 1824 diuina
1543 1757 1727 1844 nequeant

92 1865 282 1944 eelebrari.
330 1866 565 1962 Eosdemque
588 1868 925 1944 excommunicatos
946 1872 987 1946 dr
1013 1866 1360 1957 anathematizatos,
1397 1864 1645 1964 erpiscopali
1668 1862 1727 1941 vel

104 1987 183 2062 alia
201 1983 350 2081 majori·
362 1983 605 2060 Ecclesastioa
631 1986 821 2080 dignitate
844 1986 1136 2084 praebrlgeanta
1152 1988 1299 2063 ,suarum
1317 1982 1560 2065 -Ecclefiarum
1580 1981 1726 2079 tegimi-

103 2104 232 2191 nibus‚·
256 2104 305 2182 lit
323 2102 698 2180 ¹administrationibus
725 2104 981 2202 suspendimus.
1050 2104 1156 2182 Alios
1176 2128 1262 2182 vero
1285 2104 1475 2183 inferiores
1500 2105 1546 2179 ab
1569 2102 1627 2179 eis
1654 2102 1722 2177 Eo·
1871 2176 1879 2189 ,

104 2222 312 2301 uenam
331 2221 372 2298 dr
393 2220 579 2297 seculares
592 2221 892 2299 canonicatibus
911 2224 948 2301 n
971 2216 1188 2300 praebendis
1201 2222 1450 2319 'dignitatibus
1474 2219 1725 2298 personatibus

103 2339 484 2421 Adminisradonibtas
511 2343 549 2419 dr
574 2340 731 2430 Officiis,
753 2342 998 2431 monasteriis,
1033 2340 1273 2430 Friniatibus,
1307 2338 1583 2440 Praeposituris,
1616 2339 1724 2416 Prae·

104 2460 287 2558 aeptoriis,
324 2460 528 2557 ceterisque
557 2458 754 2536 Beneficiis
784 2460 1043 2549 aeclesiasticis,
1087 2459 1304 2537 secularibus
1333 2463 1373 2540 dr
1400 2460 1621 2557 regularibus
1647 2458 1724 2556 qni·

105 2580 315 2676 busmnqne
348 2577 469 2653 feudis
490 2576 628 2672 juribus
666 2578 865 2655 bonoribus
888 2580 927 2658 dr
955 2580 1153 2656 mundanis
1181 2579 1420 2678 dignitatibus
1450 2581 1723 2679 quibuscunque

103 2722 194 2798 qnae
220 2704 289 2774 eos
312 2705 402 2773 tnnc
433 2694 594 2771 obtinere
615 2697 825 2793 eontigerit,-
847 2698 1029 2776 ·Pra'efata
1051 2698 1278 2776 Austoritate
1303 2702 1342 2780 dr
1369 2723 1417 2775 ex
1443 2697 1548 2783 simili
1576 2696 1724 2773 scientia

93 2820 297 2918 priuamu'r.
345 2814 398 2891 Et
416 2814 464 2911 ad
491 2814 553 2889 illa
582 2815 1215 2914 &.aliaimpolieru1uobtinenda,
1255 2839 1325 2893 uec
1349 2842 1424 2893 non
1449 2820 1496 2894 ad
1517 2816 1723 2909 testandum

91 2941 139 3017 -dr
166 2935 351 3036 quoslibet
375 2933 564 3028 legitimos
597 2937 698 3012 attus
734 2935 943 3014 laciendum
969 2935 1260 3025 inhabilitamus,
1297 2935 1592 3036 priuatosque&
1618 2935 1722 3011 inha-

89 3055 270 3133 bilintoa
287 3053 357 3129 elle
378 3052 547 3130 volumus
574 3076 620 3128 eo
645 3053 729 3151 ipso.
795 3055 837 3130 si
863 3076 949 3134 vero
972 3054 1118 3155 suspensi
1142 3055 1456 3147 excommunicati,
1481 3053 1722 3132 anathemati·

99 3174 192 3262 zati,
221 3171 375 3273 ¹priuati
411 3175 450 3250 dr
483 3170 703 3247 inhabilitati
730 3174 900 3271 praediili
928 3175 1096 3249 nolentes
1132 3174 1172 3251 in
1204 3173 1341 3251 semitis
1377 3173 1535 3270 justitiae
1568 3173 1722 3268 dirigeae
1826 3268 1830 3281 1

88 3292 232 3390 ‘vesus
254 3293 340 3369 :suos
363 3291 402 3369 dr
427 3292 477 3367 ad
503 3313 566 3365 cor
593 3294 745 3380 reuerti,
781 3315 824 3368 ac
844 3294 990 3371 veniam
1012 3307 1153 3391 petere,
1192 3296 1231 3372 dr
1259 3293 1522 3392 poenitentiam
1544 3314 1651 3388 agere
1672 3293 1723 3371 de

94 3411 311 3513 praemissas,
350 3410 412 3487 sub
435 3409 649 3500 hujusmodi
673 3410 901 3510 suspensionis
923 3413 1310 3491 excommunicationis
1341 3413 1585 3490 anathematis
1609 3410 1723 3487 inter·

81 3531 182 3611 diui
204 3530 420 3630 priuationis
444 3533 482 3608 dr
508 3526 812 3605 inhabilitationis
841 3529 998 3605 censuris
1021 3535 1060 3610 dr
1096 3532 1243 3629 poenis,
1288 3543 1459 3629 proterua
1482 3529 1724 3607 obstinatione

84 3674 162 3753 -pu
188 3650 280 3727 alios
303 3661 380 3725 tres
403 3649 502 3737 dies,
538 3670 587 3723 ex
612 3660 702 3725 tnnc
728 3648 941 3726 immediate
966 3652 1127 3749 sequenti
1154 3672 1367 3750 permanere
1388 3674 1461 3725 non
1491 3649 1721 3747 exposuerint,

91 3791 267 3849 eruunt
295 3780 404 3865 prout
423 3791 473 3842 ex
495 3778 585 3844 tuno
612 3766 718 3865 lapsis
750 3768 887 3846 ultimis
911 3769 1162 3868 posterioribus
1181 3769 1296 3846 tribus
1325 3769 1484 3854 diebus,'
1507 3768 1650 3845 eisdem
1673 3756 1724 3844 eit

77 3888 205 3967 hili
230 3887 413 3963 sententia
434 3887 473 3964 dt
501 3885 715 3964 manante
735 3909 805 3961 eos
838 3887 1105 3983 aggrabatiouis
1145 3891 1184 3967 dr
1213 3888 1521 3983 reaggrauatio'nis
1559 3887 1723 3963 censura-

76 4030 182 4113 m
211 4009 253 4087 dr
283 4026 482 4105 poenarum
496 4028 502 4069 r
515 4004 777 4102 praeditiarum
797 4028 840 4081 ac
859 4029 944 4083 cum
969 4005 1116 4081 Dathan
1138 4006 1178 4083 &
1199 4006 1356 4093 Abiron‚
1386 4029 1479 4105 quos
1501 4005 1606 4082 vinos
1626 4016 1724 4084 terra

87 4126 294 4210 abhbuit,
335 4124 601 4202 maleditiionis
635 4136 805 4199 aeternae
839 4127 877 4203 a
912 4140 1108 4223 perpetuae
1146 4124 1395 4202 damnationis
1429 4148 1603 4202 mucrone
1632 4112 1722 4222 liga·

86 4270 203 4334 musa
244 4242 440 4338 &ligatos
464 4265 507 4317 ac
527 4243 751 4324 irretitos&
778 4244 974 4319 innodatos
997 4245 1066 4319 else
1086 4244 1314 4321 decreuimus
1344 4244 1418 4343 ipso
1438 4245 1542 4322 satio.
1615 4248 1722 4324 Mau·

85 4372 230 4449 mne
262 4363 324 4440 nb
355 4358 528 4440 similibus
564 4361 722 4438 censuris
757 4363 797 4442 dr
831 4363 960 4463 poenis
992 4364 1262 4462 quibusurnque
1299 4363 1590 4441 Cathedralium¹
1606 4366 1720 4448 mam

75 4482 459 4582 -netropolitanarum
478 4479 536 4556 vel
562 4480 842 4577 Collegiatarurn
864 4483 904 4560 dc
924 4482 1078 4558 aliarum
1108 4482 1345 4558 Eoelesrarnm
1372 4483 1549 4559 Praelatis
1571 4484 1723 4582 Capina·

87 4608 144 4687 lis
171 4600 372 4683 canonicis
396 4601 633 4684 Rettoribns,
666 4601 729 4676 dc
763 4600 926 4676 Personis
954 4600 1036 4675 aliis
1065 4599 1336 4687 Ecdeuraicin
1377 4602 1441 4700 qui
1474 4601 1624 4699 desuper
1655 4627 1721 4702 pro

86 4737 201 4830 parte
234 4721 322 4802 diui
358 4720 513 4800 sadran
537 4718 705 4818 Episcopi
729 4716 866 4798 luerim
902 4706 1081 4820 requisiti,
1128 4733 1170 4801 rt
1191 4720 1237 4799 in
1261 4720 1431 4799 Eccleliis
1456 4722 1652 4802 dominicis
1681 4727 1723 4804 dt

233 4902 236 4907 .
1622 4842 1722 4923 sestis
