<?xml version="1.0" encoding="UTF-8"?>
<!DOCTYPE html PUBLIC "-//W3C//DTD XHTML 1.0 Transitional//EN"
    "http://www.w3.org/TR/xhtml1/DTD/xhtml1-transitional.dtd">
<html xmlns="http://www.w3.org/1999/xhtml" xml:lang="en" lang="en">
 <head>
  <title>
</title>
<meta http-equiv="Content-Type" content="text/html;charset=utf-8" />
  <meta name='ocr-system' content='tesseract 3.04.00' />
  <meta name='ocr-capabilities' content='ocr_page ocr_carea ocr_par ocr_line ocrx_word'/>
</head>
<body>
  <div class='ocr_page' id='page_1' title='image "./prodromusmonume00hessgoog_0055.png"; bbox 0 0 4276 5670; ppageno 0'>
   <div class='ocr_carea' id='block_1_1' title="bbox 52 330 1972 1930">
    <p class='ocr_par' dir='ltr' id='par_1_1' title="bbox 52 330 1973 1930">
     <span class='ocr_line' id='line_1_1' title="bbox 281 330 1313 438; baseline 0.001 -8"><span class='ocrx_word' id='word_1_1' title='bbox 281 349 331 430; x_wconf 80' lang='lat'><strong>34</strong></span> <span class='ocrx_word' id='word_1_2' title='bbox 525 343 528 351; x_wconf 77' lang='grc'>’</span> <span class='ocrx_word' id='word_1_3' title='bbox 650 349 653 353; x_wconf 86' lang='grc'><em>·</em></span> <span class='ocrx_word' id='word_1_4' title='bbox 722 330 727 336; x_wconf 83' lang='grc'><strong>’</strong></span> <span class='ocrx_word' id='word_1_5' title='bbox 884 335 1313 438; x_wconf 56' lang='lat' dir='ltr'><strong>*mmmm</strong></span> 
     </span>
     <span class='ocr_line' id='line_1_2' title="bbox 283 493 1907 629; baseline 0.007 -43"><span class='ocrx_word' id='word_1_6' title='bbox 283 531 389 608; x_wconf 90' lang='lat' dir='ltr'><strong>porro</strong></span> <span class='ocrx_word' id='word_1_7' title='bbox 415 508 450 587; x_wconf 89' lang='lat' dir='ltr'><strong>ei</strong></span> <span class='ocrx_word' id='word_1_8' title='bbox 473 528 559 621; x_wconf 81' lang='lat' dir='ltr'><strong>eam</strong></span> <span class='ocrx_word' id='word_1_9' title='bbox 581 504 813 629; x_wconf 76' lang='lat' dir='ltr'><strong>trihueudam</strong></span> <span class='ocrx_word' id='word_1_10' title='bbox 837 513 983 600; x_wconf 87' lang='lat' dir='ltr'><strong>censeo.</strong></span> <span class='ocrx_word' id='word_1_11' title='bbox 1015 537 1125 613; x_wconf 92' lang='lat' dir='ltr'><strong>quam</strong></span> <span class='ocrx_word' id='word_1_12' title='bbox 1141 520 1302 593; x_wconf 86' lang='lat' dir='ltr'><strong>meretur</strong></span> <span class='ocrx_word' id='word_1_13' title='bbox 1308 538 1324 610; x_wconf 80' lang='lat'><em>3</em></span> <span class='ocrx_word' id='word_1_14' title='bbox 1359 524 1499 616; x_wconf 79' lang='lat' dir='ltr'><strong>necque</strong></span> <span class='ocrx_word' id='word_1_15' title='bbox 1519 515 1619 596; x_wconf 89' lang='lat' dir='ltr'><strong>enim</strong></span> <span class='ocrx_word' id='word_1_16' title='bbox 1647 493 1746 617; x_wconf 58' lang='lat' dir='ltr'><strong>q&#39;uod</strong></span> <span class='ocrx_word' id='word_1_17' title='bbox 1767 515 1907 618; x_wconf 75' lang='lat' dir='ltr'><strong>elutior</strong></span> 
     </span>
     <span class='ocr_line' id='line_1_3' title="bbox 286 628 1955 733; baseline 0.006 -29"><span class='ocrx_word' id='word_1_18' title='bbox 286 628 458 728; x_wconf 86' lang='lat' dir='ltr'><strong>antiquus</strong></span> <span class='ocrx_word' id='word_1_19' title='bbox 486 629 686 706; x_wconf 85' lang='lat' dir='ltr'><strong>admodum</strong></span> <span class='ocrx_word' id='word_1_20' title='bbox 713 630 782 716; x_wconf 85' lang='lat' dir='ltr'><strong>est,</strong></span> <span class='ocrx_word' id='word_1_21' title='bbox 824 653 912 710; x_wconf 82' lang='lat' dir='ltr'><strong>mox</strong></span> <span class='ocrx_word' id='word_1_22' title='bbox 936 634 981 711; x_wconf 89' lang='lat' dir='ltr'><strong>ab</strong></span> <span class='ocrx_word' id='word_1_23' title='bbox 1004 633 1138 715; x_wconf 81' lang='lat' dir='ltr'><strong>erroris</strong></span> <span class='ocrx_word' id='word_1_24' title='bbox 1159 634 1318 733; x_wconf 86' lang='lat' dir='ltr'><strong>periculo</strong></span> <span class='ocrx_word' id='word_1_25' title='bbox 1348 632 1452 713; x_wconf 91' lang='lat' dir='ltr'><strong>ilium</strong></span> <span class='ocrx_word' id='word_1_26' title='bbox 1474 633 1678 713; x_wconf 90' lang='lat' dir='ltr'><strong>immunem</strong></span> <span class='ocrx_word' id='word_1_27' title='bbox 1698 635 1800 713; x_wconf 86' lang='lat' dir='ltr'><strong>fuiiie</strong></span> <span class='ocrx_word' id='word_1_28' title='bbox 1827 661 1906 714; x_wconf 89' lang='lat' dir='ltr'><strong>cre·</strong></span> <span class='ocrx_word' id='word_1_29' title='bbox 1951 650 1955 657; x_wconf 85' lang='lat'>&#39;</span> 
     </span>
     <span class='ocr_line' id='line_1_4' title="bbox 128 748 1905 859; baseline 0.003 -34"><span class='ocrx_word' id='word_1_30' title='bbox 128 790 132 795; x_wconf 94' lang='lat'>·</span> <span class='ocrx_word' id='word_1_31' title='bbox 283 751 367 826; x_wconf 90' lang='lat' dir='ltr'><strong>dere</strong></span> <span class='ocrx_word' id='word_1_32' title='bbox 391 749 529 826; x_wconf 81' lang='lat' dir='ltr'><strong>faseli.</strong></span> <span class='ocrx_word' id='word_1_33' title='bbox 578 749 619 824; x_wconf 92' lang='lat' dir='ltr'><strong>P.</strong></span> <span class='ocrx_word' id='word_1_34' title='bbox 641 748 840 844; x_wconf 87' lang='lat' dir='ltr'><strong>Bucelinus</strong></span> <span class='ocrx_word' id='word_1_35' title='bbox 861 764 959 829; x_wconf 88' lang='lat' dir='ltr'><strong>certe</strong></span> <span class='ocrx_word' id='word_1_36' title='bbox 985 751 1123 829; x_wconf 90' lang='lat' dir='ltr'><strong>nullam</strong></span> <span class='ocrx_word' id='word_1_37' title='bbox 1145 774 1256 851; x_wconf 86' lang='lat' dir='ltr'><strong>prope</strong></span> <span class='ocrx_word' id='word_1_38' title='bbox 1282 753 1372 859; x_wconf 57' lang='lat' dir='ltr'><strong>eius⁸</strong></span> <span class='ocrx_word' id='word_1_39' title='bbox 1385 753 1564 834; x_wconf 87' lang='lat' dir='ltr'><strong>rationem</strong></span> <span class='ocrx_word' id='word_1_40' title='bbox 1583 754 1730 842; x_wconf 83' lang='lat' dir='ltr'><strong>habuit,</strong></span> <span class='ocrx_word' id='word_1_41' title='bbox 1754 765 1796 832; x_wconf 83' lang='lat' dir='ltr'><strong>vt</strong></span> <span class='ocrx_word' id='word_1_42' title='bbox 1817 778 1905 831; x_wconf 90' lang='lat' dir='ltr'><strong>con·</strong></span> 
     </span>
     <span class='ocr_line' id='line_1_5' title="bbox 282 867 1905 972; baseline 0.004 -29"><span class='ocrx_word' id='word_1_43' title='bbox 282 868 413 944; x_wconf 89' lang='lat' dir='ltr'><strong>serenti</strong></span> <span class='ocrx_word' id='word_1_44' title='bbox 443 868 630 965; x_wconf 76' lang='lat' dir='ltr'><strong>utriusque</strong></span> <span class='ocrx_word' id='word_1_45' title='bbox 663 867 866 965; x_wconf 85' lang='lat' dir='ltr'><strong>catalogum</strong></span> <span class='ocrx_word' id='word_1_46' title='bbox 895 873 1043 969; x_wconf 83' lang='lat' dir='ltr'><strong>patebit.</strong></span> <span class='ocrx_word' id='word_1_47' title='bbox 1120 872 1281 969; x_wconf 27' lang='lat' dir='ltr'><strong>Propior,</strong></span> <span class='ocrx_word' id='word_1_48' title='bbox 1296 874 1445 972; x_wconf 87' lang='lat' dir='ltr'><strong>quidem</strong></span> <span class='ocrx_word' id='word_1_49' title='bbox 1471 885 1556 949; x_wconf 85' lang='lat' dir='ltr'><strong>erat</strong></span> <span class='ocrx_word' id='word_1_50' title='bbox 1580 874 1688 967; x_wconf 86' lang='lat' dir='ltr'><strong>nobis</strong></span> <span class='ocrx_word' id='word_1_51' title='bbox 1717 874 1905 951; x_wconf 84' lang='lat' dir='ltr'><strong>sibbatum</strong></span> 
     </span>
     <span class='ocr_line' id='line_1_6' title="bbox 52 985 1972 1090; baseline 0.005 -29"><span class='ocrx_word' id='word_1_52' title='bbox 52 1054 57 1075; x_wconf 73' lang='grc'><em>,</em></span> <span class='ocrx_word' id='word_1_53' title='bbox 221 1014 224 1021; x_wconf 74' lang='grc'><strong>’</strong></span> <span class='ocrx_word' id='word_1_54' title='bbox 282 987 442 1087; x_wconf 82' lang='lat' dir='ltr'><strong>priorum</strong></span> <span class='ocrx_word' id='word_1_55' title='bbox 467 986 594 1082; x_wconf 87' lang='lat' dir='ltr'><strong>gostis,</strong></span> <span class='ocrx_word' id='word_1_56' title='bbox 625 985 687 1061; x_wconf 88' lang='lat' dir='ltr'><strong>lile</strong></span> <span class='ocrx_word' id='word_1_57' title='bbox 707 986 872 1085; x_wconf 80' lang='lat' dir='ltr'>scriptor,</span> <span class='ocrx_word' id='word_1_58' title='bbox 912 988 972 1066; x_wconf 87' lang='lat' dir='ltr'><strong>sed</strong></span> <span class='ocrx_word' id='word_1_59' title='bbox 1000 1002 1162 1068; x_wconf 87' lang='lat' dir='ltr'><strong>remotus</strong></span> <span class='ocrx_word' id='word_1_60' title='bbox 1192 1000 1348 1080; x_wconf 73' lang='lat' dir='ltr'><strong>tamen,</strong></span> <span class='ocrx_word' id='word_1_61' title='bbox 1366 991 1503 1090; x_wconf 87' lang='lat' dir='ltr'><strong>aliquot</strong></span> <span class='ocrx_word' id='word_1_62' title='bbox 1530 992 1670 1070; x_wconf 84' lang='lat' dir='ltr'><strong>Secuiis</strong></span> <span class='ocrx_word' id='word_1_63' title='bbox 1695 992 1776 1069; x_wconf 74' lang='lat' dir='ltr'><strong>suit.</strong></span> <span class='ocrx_word' id='word_1_64' title='bbox 1836 992 1906 1070; x_wconf 83' lang='lat' dir='ltr'><strong>Er·</strong></span> <span class='ocrx_word' id='word_1_65' title='bbox 1970 986 1972 991; x_wconf 68' lang='grc'><strong>’</strong></span> 
     </span>
     <span class='ocr_line' id='line_1_7' title="bbox 198 1104 1904 1216; baseline 0.006 -37"><span class='ocrx_word' id='word_1_66' title='bbox 198 1118 211 1194; x_wconf 73' lang='lat' dir='ltr'><em>j</em></span> <span class='ocrx_word' id='word_1_67' title='bbox 279 1129 325 1216; x_wconf 88' lang='lat' dir='ltr'><strong>go</strong></span> <span class='ocrx_word' id='word_1_68' title='bbox 356 1110 462 1203; x_wconf 73' lang='lat' dir='ltr'><strong>peiles</strong></span> <span class='ocrx_word' id='word_1_69' title='bbox 490 1104 621 1205; x_wconf 69' lang='lat' dir='ltr'><strong>haeserit</strong></span> <span class='ocrx_word' id='word_1_70' title='bbox 646 1107 791 1202; x_wconf 75' lang='lat' dir='ltr'><strong>fontibus</strong></span> <span class='ocrx_word' id='word_1_71' title='bbox 825 1107 1006 1206; x_wconf 85' lang='lat' dir='ltr'><strong>inquirere</strong></span> <span class='ocrx_word' id='word_1_72' title='bbox 1042 1109 1148 1196; x_wconf 91' lang='lat' dir='ltr'><strong>licet,</strong></span> <span class='ocrx_word' id='word_1_73' title='bbox 1186 1123 1297 1209; x_wconf 88' lang='lat' dir='ltr'><strong>atque</strong></span> <span class='ocrx_word' id='word_1_74' title='bbox 1325 1112 1468 1208; x_wconf 88' lang='lat' dir='ltr'><strong>oportet</strong></span> <span class='ocrx_word' id='word_1_75' title='bbox 1497 1111 1620 1189; x_wconf 89' lang='lat' dir='ltr'><strong>etiam.</strong></span> <span class='ocrx_word' id='word_1_76' title='bbox 1679 1111 1723 1186; x_wconf 89' lang='lat' dir='ltr'><strong>Si</strong></span> <span class='ocrx_word' id='word_1_77' title='bbox 1746 1136 1805 1187; x_wconf 87' lang='lat' dir='ltr'><strong>ex.</strong></span> <span class='ocrx_word' id='word_1_78' title='bbox 1821 1113 1904 1190; x_wconf 78' lang='lat' dir='ltr'><strong>hn-</strong></span> 
     </span>
     <span class='ocr_line' id='line_1_8' title="bbox 179 1208 1967 1330; baseline 0.003 -27"><span class='ocrx_word' id='word_1_79' title='bbox 179 1242 183 1260; x_wconf 78' lang='lat'><strong><em>¹</em></strong></span> <span class='ocrx_word' id='word_1_80' title='bbox 278 1223 489 1303; x_wconf 82' lang='lat' dir='ltr'><strong>teceiiorum</strong></span> <span class='ocrx_word' id='word_1_81' title='bbox 512 1228 643 1324; x_wconf 75' lang='lat' dir='ltr'><strong>scriptis</strong></span> <span class='ocrx_word' id='word_1_82' title='bbox 665 1231 728 1311; x_wconf 88' lang='lat' dir='ltr'><strong>sua</strong></span> <span class='ocrx_word' id='word_1_83' title='bbox 756 1224 997 1317; x_wconf 67' lang='lat' dir='ltr'><strong>recensuisset,</strong></span> <span class='ocrx_word' id='word_1_84' title='bbox 1032 1232 1070 1308; x_wconf 76' lang='lat' dir='ltr'><strong>dr</strong></span> <span class='ocrx_word' id='word_1_85' title='bbox 1093 1252 1168 1305; x_wconf 90' lang='lat' dir='ltr'><strong>non</strong></span> <span class='ocrx_word' id='word_1_86' title='bbox 1194 1229 1316 1328; x_wconf 82' lang='lat' dir='ltr'><strong>potins</strong></span> <span class='ocrx_word' id='word_1_87' title='bbox 1337 1234 1416 1305; x_wconf 79' lang='lat' dir='ltr'><strong>orosi</strong></span> <span class='ocrx_word' id='word_1_88' title='bbox 1440 1240 1563 1304; x_wconf 80' lang='lat' dir='ltr'><strong>ionium</strong></span> <span class='ocrx_word' id='word_1_89' title='bbox 1584 1233 1749 1309; x_wconf 75' lang='lat' dir='ltr'><strong>traditione</strong></span> <span class='ocrx_word' id='word_1_90' title='bbox 1781 1220 1911 1330; x_wconf 88' lang='lat' dir='ltr'><strong>(quod</strong></span> <span class='ocrx_word' id='word_1_91' title='bbox 1959 1208 1967 1226; x_wconf 47' lang='lat'>⁴</span> 
     </span>
     <span class='ocr_line' id='line_1_9' title="bbox 234 1339 1902 1449; baseline 0.003 -28"><span class='ocrx_word' id='word_1_92' title='bbox 234 1425 237 1428; x_wconf 65' lang='grc'><em>,</em></span> <span class='ocrx_word' id='word_1_93' title='bbox 270 1346 350 1446; x_wconf 75' lang='lat' dir='ltr'><strong>&#39;ipse</strong></span> <span class='ocrx_word' id='word_1_94' title='bbox 371 1371 442 1424; x_wconf 91' lang='lat' dir='ltr'><strong>vna</strong></span> <span class='ocrx_word' id='word_1_95' title='bbox 464 1345 543 1443; x_wconf 90' lang='lat' dir='ltr'><strong>pius</strong></span> <span class='ocrx_word' id='word_1_96' title='bbox 569 1345 648 1423; x_wconf 89' lang='lat' dir='ltr'><strong>vice</strong></span> <span class='ocrx_word' id='word_1_97' title='bbox 673 1344 833 1439; x_wconf 88' lang='lat' dir='ltr'><strong>fatetur)</strong></span> <span class='ocrx_word' id='word_1_98' title='bbox 858 1345 1051 1433; x_wconf 88' lang='lat' dir='ltr'><strong>didicisset,</strong></span> <span class='ocrx_word' id='word_1_99' title='bbox 1083 1349 1186 1442; x_wconf 83' lang='lat' dir='ltr'><strong>esset,</strong></span> <span class='ocrx_word' id='word_1_100' title='bbox 1221 1370 1284 1424; x_wconf 86' lang='lat' dir='ltr'><strong>cur</strong></span> <span class='ocrx_word' id='word_1_101' title='bbox 1308 1339 1432 1443; x_wconf 79' lang='lat' dir='ltr'><strong>magis</strong></span> <span class='ocrx_word' id='word_1_102' title='bbox 1453 1348 1532 1445; x_wconf 83' lang='lat' dir='ltr'><strong>ejus</strong></span> <span class='ocrx_word' id='word_1_103' title='bbox 1559 1349 1701 1449; x_wconf 89' lang='lat' dir='ltr'><strong>adserta</strong></span> <span class='ocrx_word' id='word_1_104' title='bbox 1733 1371 1755 1423; x_wconf 88' lang='lat' dir='ltr'><strong>a</strong></span> <span class='ocrx_word' id='word_1_105' title='bbox 1784 1351 1902 1426; x_wconf 87' lang='lat' dir='ltr'><strong>Poste·</strong></span> 
     </span>
     <span class='ocr_line' id='line_1_10' title="bbox 221 1463 1903 1566; baseline 0.002 -26"><span class='ocrx_word' id='word_1_106' title='bbox 221 1502 224 1515; x_wconf 89' lang='lat'>·</span> <span class='ocrx_word' id='word_1_107' title='bbox 278 1488 400 1541; x_wconf 90' lang='lat' dir='ltr'><strong>rorum</strong></span> <span class='ocrx_word' id='word_1_108' title='bbox 428 1463 505 1539; x_wconf 82' lang='lat' dir='ltr'><strong>crifi</strong></span> <span class='ocrx_word' id='word_1_109' title='bbox 532 1465 643 1542; x_wconf 87' lang='lat' dir='ltr'><strong>libera</strong></span> <span class='ocrx_word' id='word_1_110' title='bbox 667 1463 930 1562; x_wconf 82' lang='lat' dir='ltr'><strong>judicaremus:</strong></span> <span class='ocrx_word' id='word_1_111' title='bbox 966 1489 1187 1565; x_wconf 87' lang='lat' dir='ltr'><strong>quamquam</strong></span> <span class='ocrx_word' id='word_1_112' title='bbox 1216 1470 1258 1546; x_wconf 76' lang='lat' dir='ltr'><strong>dt</strong></span> <span class='ocrx_word' id='word_1_113' title='bbox 1288 1467 1446 1559; x_wconf 58' lang='lat' dir='ltr'><strong>coaeuis,</strong></span> <span class='ocrx_word' id='word_1_114' title='bbox 1470 1465 1696 1566; x_wconf 75' lang='lat' dir='ltr'><strong>scriptormus</strong></span> <span class='ocrx_word' id='word_1_115' title='bbox 1724 1491 1808 1560; x_wconf 76' lang='lat' dir='ltr'><strong>coeco</strong></span> <span class='ocrx_word' id='word_1_116' title='bbox 1817 1467 1903 1561; x_wconf 80' lang='lat' dir='ltr'><strong>fider</strong></span> 
     </span>
     <span class='ocr_line' id='line_1_11' title="bbox 148 1574 1902 1685; baseline 0.002 -27"><span class='ocrx_word' id='word_1_117' title='bbox 148 1646 149 1649; x_wconf 15' lang='lat' dir='ltr'><strong>a</strong></span> <span class='ocrx_word' id='word_1_118' title='bbox 279 1607 480 1681; x_wconf 89' lang='lat' dir='ltr'><strong>numquam</strong></span> <span class='ocrx_word' id='word_1_119' title='bbox 518 1585 569 1661; x_wconf 89' lang='lat' dir='ltr'><strong>est</strong></span> <span class='ocrx_word' id='word_1_120' title='bbox 590 1574 813 1671; x_wconf 83' lang='lat' dir='ltr'><strong>adhihenda.</strong></span> <span class='ocrx_word' id='word_1_121' title='bbox 891 1583 1136 1682; x_wconf 79' lang='lat' dir='ltr'><strong>chronologia</strong></span> <span class='ocrx_word' id='word_1_122' title='bbox 1167 1585 1207 1662; x_wconf 91' lang='lat' dir='ltr'><strong>in</strong></span> <span class='ocrx_word' id='word_1_123' title='bbox 1236 1585 1363 1682; x_wconf 89' lang='lat' dir='ltr'><strong>primis</strong></span> <span class='ocrx_word' id='word_1_124' title='bbox 1389 1584 1415 1659; x_wconf 91' lang='lat' dir='ltr'><strong>sr</strong></span> <span class='ocrx_word' id='word_1_125' title='bbox 1441 1585 1567 1664; x_wconf 85' lang='lat' dir='ltr'><strong>vitiosa</strong></span> <span class='ocrx_word' id='word_1_126' title='bbox 1610 1585 1902 1685; x_wconf 87' lang='lat' dir='ltr'><strong>deprehenditur,</strong></span> 
     </span>
     <span class='ocr_line' id='line_1_12' title="bbox 279 1692 1902 1805; baseline 0.003 -26"><span class='ocrx_word' id='word_1_127' title='bbox 279 1703 475 1781; x_wconf 74' lang='lat' dir='ltr'><strong>Austorem</strong></span> <span class='ocrx_word' id='word_1_128' title='bbox 507 1704 544 1777; x_wconf 91' lang='lat' dir='ltr'><strong>in</strong></span> <span class='ocrx_word' id='word_1_129' title='bbox 566 1703 744 1799; x_wconf 89' lang='lat' dir='ltr'><strong>judicium</strong></span> <span class='ocrx_word' id='word_1_130' title='bbox 767 1727 897 1780; x_wconf 86' lang='lat' dir='ltr'><strong>vocare</strong></span> <span class='ocrx_word' id='word_1_131' title='bbox 921 1704 1086 1782; x_wconf 89' lang='lat' dir='ltr'><strong>veritatis</strong></span> <span class='ocrx_word' id='word_1_132' title='bbox 1114 1727 1217 1782; x_wconf 89' lang='lat' dir='ltr'><strong>amor</strong></span> <span class='ocrx_word' id='word_1_133' title='bbox 1237 1705 1392 1802; x_wconf 85' lang='lat' dir='ltr'><strong>patitur.</strong></span> <span class='ocrx_word' id='word_1_134' title='bbox 1423 1704 1622 1805; x_wconf 60' lang='lat' dir='ltr'><strong>jubetquej</strong></span> <span class='ocrx_word' id='word_1_135' title='bbox 1652 1692 1738 1781; x_wconf 88' lang='lat' dir='ltr'><strong>huic</strong></span> <span class='ocrx_word' id='word_1_136' title='bbox 1767 1707 1830 1785; x_wconf 90' lang='lat' dir='ltr'><strong>vni</strong></span> <span class='ocrx_word' id='word_1_137' title='bbox 1858 1706 1902 1783; x_wconf 82' lang='lat' dir='ltr'><strong>li·</strong></span> 
     </span>
     <span class='ocr_line' id='line_1_13' title="bbox 80 1819 1947 1930; baseline 0.001 -31"><span class='ocrx_word' id='word_1_138' title='bbox 80 1912 82 1921; x_wconf 22' lang='grc' dir='ltr'>Ι</span> <span class='ocrx_word' id='word_1_139' title='bbox 193 1898 201 1908; x_wconf 86' lang='grc'><strong>,</strong></span> <span class='ocrx_word' id='word_1_140' title='bbox 278 1823 439 1901; x_wconf 87' lang='lat' dir='ltr'><strong>bandum</strong></span> <span class='ocrx_word' id='word_1_141' title='bbox 462 1821 522 1899; x_wconf 90' lang='lat' dir='ltr'><strong>est.</strong></span> <span class='ocrx_word' id='word_1_142' title='bbox 571 1824 648 1900; x_wconf 88' lang='lat' dir='ltr'><strong>Sed</strong></span> <span class='ocrx_word' id='word_1_143' title='bbox 670 1822 747 1920; x_wconf 83' lang='lat' dir='ltr'><strong>jam</strong></span> <span class='ocrx_word' id='word_1_144' title='bbox 772 1822 1007 1921; x_wconf 74' lang='lat' dir='ltr'><strong>eatuogum,</strong></span> <span class='ocrx_word' id='word_1_145' title='bbox 1030 1822 1147 1930; x_wconf 89' lang='lat' dir='ltr'><strong>qualis</strong></span> <span class='ocrx_word' id='word_1_146' title='bbox 1170 1821 1238 1913; x_wconf 88' lang='lat' dir='ltr'><strong>est,</strong></span> <span class='ocrx_word' id='word_1_147' title='bbox 1262 1823 1334 1900; x_wconf 90' lang='lat' dir='ltr'><strong>hoc</strong></span> <span class='ocrx_word' id='word_1_148' title='bbox 1357 1823 1440 1899; x_wconf 91' lang='lat' dir='ltr'><strong>ioco</strong></span> <span class='ocrx_word' id='word_1_149' title='bbox 1465 1824 1721 1903; x_wconf 80' lang='lat' dir='ltr'><strong>exhibeamus:</strong></span> <span class='ocrx_word' id='word_1_150' title='bbox 1943 1819 1947 1826; x_wconf 79' lang='grc'>’</span> 
     </span>
    </p>
   </div>
   <div class='ocr_carea' id='block_1_2' title="bbox 664 2085 1508 2174">
    <p class='ocr_par' dir='ltr' id='par_1_2' title="bbox 664 2085 1508 2174">
     <span class='ocr_line' id='line_1_14' title="bbox 664 2085 1508 2174; baseline -0.006 0"><span class='ocrx_word' id='word_1_151' title='bbox 664 2087 755 2174; x_wconf 88' lang='lat' dir='ltr'><strong>DE</strong></span> <span class='ocrx_word' id='word_1_152' title='bbox 801 2085 1168 2174; x_wconf 86' lang='lat' dir='ltr'>ABBATIBVS</span> <span class='ocrx_word' id='word_1_153' title='bbox 1208 2085 1508 2171; x_wconf 88' lang='lat' dir='ltr'><strong>NOSTRIS.</strong></span> 
     </span>
    </p>
   </div>
   <div class='ocr_carea' id='block_1_3' title="bbox 154 2244 1902 2624">
    <p class='ocr_par' dir='ltr' id='par_1_3' title="bbox 154 2244 1902 2624">
     <span class='ocr_line' id='line_1_15' title="bbox 276 2244 1902 2382; baseline 0 -22"><span class='ocrx_word' id='word_1_154' title='bbox 276 2283 310 2323; x_wconf 48' lang='grc' dir='ltr'><em>Ψ</em></span> <span class='ocrx_word' id='word_1_155' title='bbox 377 2276 560 2370; x_wconf 82' lang='lat' dir='ltr'><strong>Quoniam</strong></span> <span class='ocrx_word' id='word_1_156' title='bbox 589 2305 611 2358; x_wconf 90' lang='lat' dir='ltr'><strong>a</strong></span> <span class='ocrx_word' id='word_1_157' title='bbox 639 2244 809 2382; x_wconf 89' lang='lat' dir='ltr'><strong>primaria</strong></span> <span class='ocrx_word' id='word_1_158' title='bbox 838 2280 1067 2360; x_wconf 88' lang='lat' dir='ltr'><strong>Fundatione</strong></span> <span class='ocrx_word' id='word_1_159' title='bbox 1093 2249 1303 2368; x_wconf 79' lang='lat' dir='ltr'><strong>Monaiierii</strong></span> <span class='ocrx_word' id='word_1_160' title='bbox 1334 2279 1442 2358; x_wconf 86' lang='lat' dir='ltr'><strong>nostri</strong></span> <span class='ocrx_word' id='word_1_161' title='bbox 1468 2279 1628 2357; x_wconf 81' lang='lat' dir='ltr'><strong>diuersos</strong></span> <span class='ocrx_word' id='word_1_162' title='bbox 1654 2280 1752 2358; x_wconf 91' lang='lat' dir='ltr'><strong>hunc</strong></span> <span class='ocrx_word' id='word_1_163' title='bbox 1777 2275 1902 2362; x_wconf 77' lang='lat' dir='ltr'><strong>socom</strong></span> 
     </span>
     <span class='ocr_line' id='line_1_16' title="bbox 154 2398 1901 2501; baseline 0.002 -26"><span class='ocrx_word' id='word_1_164' title='bbox 154 2471 157 2475; x_wconf 84' lang='grc'>,</span> <span class='ocrx_word' id='word_1_165' title='bbox 277 2402 414 2481; x_wconf 89' lang='lat' dir='ltr'><strong>constat</strong></span> <span class='ocrx_word' id='word_1_166' title='bbox 433 2402 558 2479; x_wconf 82' lang='lat' dir='ltr'><strong>rexisse</strong></span> <span class='ocrx_word' id='word_1_167' title='bbox 580 2404 751 2480; x_wconf 84' lang='lat' dir='ltr'><strong>Pastores.</strong></span> <span class='ocrx_word' id='word_1_168' title='bbox 798 2401 861 2480; x_wconf 84' lang='lat' dir='ltr'><strong>Ad</strong></span> <span class='ocrx_word' id='word_1_169' title='bbox 880 2404 1055 2498; x_wconf 86' lang='lat' dir='ltr'><strong>majorem</strong></span> <span class='ocrx_word' id='word_1_170' title='bbox 1077 2400 1252 2478; x_wconf 87' lang='lat' dir='ltr'><strong>noticiam</strong></span> <span class='ocrx_word' id='word_1_171' title='bbox 1269 2398 1473 2476; x_wconf 87' lang='lat' dir='ltr'><strong>Posteritati</strong></span> <span class='ocrx_word' id='word_1_172' title='bbox 1493 2399 1771 2498; x_wconf 84' lang='lat' dir='ltr'><strong>relinquendam</strong></span> <span class='ocrx_word' id='word_1_173' title='bbox 1789 2404 1901 2501; x_wconf 83' lang='lat' dir='ltr'><strong>quae-¹</strong></span> 
     </span>
     <span class='ocr_line' id='line_1_17' title="bbox 174 2517 1407 2624; baseline -0.006 -22"><span class='ocrx_word' id='word_1_174' title='bbox 174 2620 176 2624; x_wconf 11' lang='grc' dir='ltr'><em>Α</em></span> <span class='ocrx_word' id='word_1_175' title='bbox 277 2526 364 2601; x_wconf 86' lang='lat' dir='ltr'><strong>dam</strong></span> <span class='ocrx_word' id='word_1_176' title='bbox 393 2524 441 2600; x_wconf 89' lang='lat' dir='ltr'><strong>de</strong></span> <span class='ocrx_word' id='word_1_177' title='bbox 471 2521 527 2598; x_wconf 89' lang='lat' dir='ltr'><strong>eis</strong></span> <span class='ocrx_word' id='word_1_178' title='bbox 552 2521 759 2599; x_wconf 84' lang='lat' dir='ltr'><strong>summatim</strong></span> <span class='ocrx_word' id='word_1_179' title='bbox 787 2518 1019 2619; x_wconf 87' lang='lat' dir='ltr'><strong>perstringere</strong></span> <span class='ocrx_word' id='word_1_180' title='bbox 1040 2519 1193 2617; x_wconf 85' lang='lat' dir='ltr'><strong>dignum</strong></span> <span class='ocrx_word' id='word_1_181' title='bbox 1224 2517 1407 2595; x_wconf 86' lang='lat' dir='ltr'><strong>duximus.</strong></span> 
     </span>
    </p>
   </div>
   <div class='ocr_carea' id='block_1_4' title="bbox 83 2730 1965 3101">
    <p class='ocr_par' dir='ltr' id='par_1_4' title="bbox 83 2730 1965 3101">
     <span class='ocr_line' id='line_1_18' title="bbox 376 2730 1952 2858; baseline -0.003 -20"><span class='ocrx_word' id='word_1_182' title='bbox 376 2752 522 2839; x_wconf 67' lang='lat' dir='ltr'><strong>Perrr&#39;vs</strong></span> <span class='ocrx_word' id='word_1_183' title='bbox 554 2730 679 2858; x_wconf 80' lang='lat' dir='ltr'><strong>itaque</strong></span> <span class='ocrx_word' id='word_1_184' title='bbox 707 2779 942 2852; x_wconf 80' lang='lat' dir='ltr'><strong>eminemus</strong></span> <span class='ocrx_word' id='word_1_185' title='bbox 973 2757 1123 2836; x_wconf 89' lang='lat' dir='ltr'><strong>nornine</strong></span> <span class='ocrx_word' id='word_1_186' title='bbox 1144 2754 1359 2834; x_wconf 83' lang='lat' dir='ltr'><strong>monachice</strong></span> <span class='ocrx_word' id='word_1_187' title='bbox 1385 2756 1479 2842; x_wconf 87' lang='lat' dir='ltr'><strong>vite,</strong></span> <span class='ocrx_word' id='word_1_188' title='bbox 1510 2764 1557 2830; x_wconf 74' lang='lat' dir='ltr'><strong>oi</strong></span> <span class='ocrx_word' id='word_1_189' title='bbox 1569 2758 1679 2853; x_wconf 60' lang='lat' dir='ltr'><strong>pori,</strong></span> <span class='ocrx_word' id='word_1_190' title='bbox 1718 2755 1902 2854; x_wconf 82' lang='lat' dir='ltr'><strong>plantator</strong></span> <span class='ocrx_word' id='word_1_191' title='bbox 1949 2750 1952 2757; x_wconf 77' lang='grc'><strong>’</strong></span> 
     </span>
     <span class='ocr_line' id='line_1_19' title="bbox 167 2875 1965 2991; baseline -0.004 -31"><span class='ocrx_word' id='word_1_192' title='bbox 167 2978 173 2991; x_wconf 66' lang='lat'><strong>,</strong></span> <span class='ocrx_word' id='word_1_193' title='bbox 275 2880 354 2964; x_wconf 70' lang='lat' dir='ltr'><strong>first</strong></span> <span class='ocrx_word' id='word_1_194' title='bbox 370 2880 539 2958; x_wconf 82' lang='lat' dir='ltr'><strong>eximius.</strong></span> <span class='ocrx_word' id='word_1_195' title='bbox 598 2877 670 2963; x_wconf 90' lang='lat' dir='ltr'><strong>Qui</strong></span> <span class='ocrx_word' id='word_1_196' title='bbox 690 2879 856 2980; x_wconf 88' lang='lat' dir='ltr'><strong>spiritalis</strong></span> <span class='ocrx_word' id='word_1_197' title='bbox 883 2878 1069 2978; x_wconf 90' lang='lat' dir='ltr'><strong>discipline</strong></span> <span class='ocrx_word' id='word_1_198' title='bbox 1093 2899 1221 2956; x_wconf 83' lang='lat' dir='ltr'><strong>norma</strong></span> <span class='ocrx_word' id='word_1_199' title='bbox 1250 2877 1362 2954; x_wconf 88' lang='lat' dir='ltr'><strong>rudes</strong></span> <span class='ocrx_word' id='word_1_200' title='bbox 1384 2875 1646 2975; x_wconf 87' lang='lat' dir='ltr'><strong>Discipuiotum</strong></span> <span class='ocrx_word' id='word_1_201' title='bbox 1664 2875 1816 2953; x_wconf 80' lang='lat' dir='ltr'><strong>‘animos</strong></span> <span class='ocrx_word' id='word_1_202' title='bbox 1840 2878 1898 2954; x_wconf 91' lang='lat' dir='ltr'><strong>di·</strong></span> <span class='ocrx_word' id='word_1_203' title='bbox 1960 2939 1965 2965; x_wconf 82' lang='lat'><strong>,</strong></span> 
     </span>
     <span class='ocr_line' id='line_1_20' title="bbox 83 2992 1837 3101; baseline -0.013 -18"><span class='ocrx_word' id='word_1_204' title='bbox 83 3030 88 3040; x_wconf 94' lang='lat'>·</span> <span class='ocrx_word' id='word_1_205' title='bbox 175 2994 188 3016; x_wconf 59' lang='lat'>¹</span> <span class='ocrx_word' id='word_1_206' title='bbox 275 2992 453 3101; x_wconf 86' lang='lat' dir='ltr'><strong>lingenter</strong></span> <span class='ocrx_word' id='word_1_207' title='bbox 480 2998 656 3078; x_wconf 80' lang='lat' dir='ltr'><strong>instnuic</strong></span> <span class='ocrx_word' id='word_1_208' title='bbox 816 3010 821 3014; x_wconf 81' lang='grc'><strong>’</strong></span> <span class='ocrx_word' id='word_1_209' title='bbox 1830 3023 1837 3034; x_wconf 85' lang='lat'><strong>·</strong></span> 
     </span>
    </p>
   </div>
   <div class='ocr_carea' id='block_1_5' title="bbox 275 3204 1899 3458">
    <p class='ocr_par' dir='ltr' id='par_1_5' title="bbox 275 3204 1899 3458">
     <span class='ocr_line' id='line_1_21' title="bbox 376 3204 1899 3334; baseline -0.005 -18"><span class='ocrx_word' id='word_1_210' title='bbox 376 3216 576 3316; x_wconf 79' lang='lat' dir='ltr'><strong>Sncvunvs</strong></span> <span class='ocrx_word' id='word_1_211' title='bbox 608 3235 761 3314; x_wconf 75' lang='lat' dir='ltr'><strong>nomme¹</strong></span> <span class='ocrx_word' id='word_1_212' title='bbox 785 3255 1027 3313; x_wconf 76' lang='lat' dir='ltr'><strong>nnrnumuvs</strong></span> <span class='ocrx_word' id='word_1_213' title='bbox 1057 3232 1258 3334; x_wconf 84' lang='lat' dir='ltr'><strong>religiosam</strong></span> <span class='ocrx_word' id='word_1_214' title='bbox 1289 3235 1404 3314; x_wconf 87' lang='lat' dir='ltr'><strong>vitam</strong></span> <span class='ocrx_word' id='word_1_215' title='bbox 1427 3204 1566 3310; x_wconf 84' lang='lat' dir='ltr'><strong>ducens</strong></span> <span class='ocrx_word' id='word_1_216' title='bbox 1587 3229 1807 3330; x_wconf 85' lang='lat' dir='ltr'><strong>Exemplum</strong></span> <span class='ocrx_word' id='word_1_217' title='bbox 1831 3232 1899 3310; x_wconf 89' lang='lat' dir='ltr'><strong>Di·</strong></span> 
     </span>
     <span class='ocr_line' id='line_1_22' title="bbox 275 3349 1800 3458; baseline -0.007 -21"><span class='ocrx_word' id='word_1_218' title='bbox 275 3357 421 3458; x_wconf 84' lang='lat' dir='ltr'><strong>scipulis</strong></span> <span class='ocrx_word' id='word_1_219' title='bbox 434 3361 469 3436; x_wconf 91' lang='lat' dir='ltr'><strong>ie</strong></span> <span class='ocrx_word' id='word_1_220' title='bbox 484 3357 646 3457; x_wconf 87' lang='lat' dir='ltr'><strong>prebuit,</strong></span> <span class='ocrx_word' id='word_1_221' title='bbox 666 3356 752 3457; x_wconf 86' lang='lat' dir='ltr'><strong>quia</strong></span> <span class='ocrx_word' id='word_1_222' title='bbox 768 3360 864 3455; x_wconf 93' lang='lat' dir='ltr'><strong>quod</strong></span> <span class='ocrx_word' id='word_1_223' title='bbox 878 3360 988 3436; x_wconf 90' lang='lat' dir='ltr'><strong>verbo</strong></span> <span class='ocrx_word' id='word_1_224' title='bbox 1008 3357 1150 3445; x_wconf 90' lang='lat' dir='ltr'><strong>docuit,</strong></span> <span class='ocrx_word' id='word_1_225' title='bbox 1176 3356 1246 3456; x_wconf 91' lang='lat' dir='ltr'><strong>piis</strong></span> <span class='ocrx_word' id='word_1_226' title='bbox 1263 3349 1423 3435; x_wconf 82' lang='lat' dir='ltr'><strong>moribus</strong></span> <span class='ocrx_word' id='word_1_227' title='bbox 1444 3357 1481 3434; x_wconf 78' lang='lat' dir='ltr'><strong>dc</strong></span> <span class='ocrx_word' id='word_1_228' title='bbox 1500 3376 1608 3452; x_wconf 90' lang='lat' dir='ltr'><strong>opere</strong></span> <span class='ocrx_word' id='word_1_229' title='bbox 1624 3351 1800 3450; x_wconf 78' lang='lat' dir='ltr'><strong>impleuit</strong></span> 
     </span>
    </p>
   </div>
   <div class='ocr_carea' id='block_1_6' title="bbox 215 3582 1975 3918">
    <p class='ocr_par' dir='ltr' id='par_1_6' title="bbox 215 3582 1975 3918">
     <span class='ocr_line' id='line_1_23' title="bbox 215 3582 1975 3703; baseline -0.002 -29"><span class='ocrx_word' id='word_1_230' title='bbox 215 3692 222 3703; x_wconf 27' lang='lat'><em>⁴</em></span> <span class='ocrx_word' id='word_1_231' title='bbox 318 3596 320 3599; x_wconf 73' lang='grc'><strong>’</strong></span> <span class='ocrx_word' id='word_1_232' title='bbox 372 3597 536 3674; x_wconf 80' lang='lat' dir='ltr'><strong>&#39;isumus</strong></span> <span class='ocrx_word' id='word_1_233' title='bbox 560 3592 712 3673; x_wconf 89' lang='lat' dir='ltr'><strong>nomine</strong></span> <span class='ocrx_word' id='word_1_234' title='bbox 740 3604 923 3669; x_wconf 77' lang='lat' dir='ltr'><strong>annmcvs</strong></span> <span class='ocrx_word' id='word_1_235' title='bbox 947 3594 991 3692; x_wconf 56' lang='lat' dir='ltr'><strong>i)</strong></span> <span class='ocrx_word' id='word_1_236' title='bbox 1030 3593 1226 3671; x_wconf 84' lang='lat' dir='ltr'><strong>secundum</strong></span> <span class='ocrx_word' id='word_1_237' title='bbox 1261 3589 1455 3668; x_wconf 86' lang='lat' dir='ltr'><strong>relationes</strong></span> <span class='ocrx_word' id='word_1_238' title='bbox 1490 3582 1668 3666; x_wconf 71' lang='lat' dir='ltr'><strong>sericium</strong></span> <span class='ocrx_word' id='word_1_239' title='bbox 1701 3589 1817 3668; x_wconf 77' lang='lat' dir='ltr'><strong>sande</strong></span> <span class='ocrx_word' id='word_1_240' title='bbox 1856 3591 1922 3685; x_wconf 41' lang='lat' dir='ltr'><strong>dt,</strong></span> <span class='ocrx_word' id='word_1_241' title='bbox 1972 3694 1975 3700; x_wconf 10' lang='grc' dir='ltr'><strong>Δ</strong></span> 
     </span>
     <span class='ocr_line' id='line_1_24' title="bbox 272 3700 1923 3821; baseline -0.005 -26"><span class='ocrx_word' id='word_1_242' title='bbox 272 3707 478 3819; x_wconf 81' lang='lat' dir='ltr'><strong>simpliciter</strong></span> <span class='ocrx_word' id='word_1_243' title='bbox 508 3714 669 3795; x_wconf 88' lang='lat' dir='ltr'><strong>viuendo</strong></span> <span class='ocrx_word' id='word_1_244' title='bbox 699 3715 853 3813; x_wconf 83' lang='lat' dir='ltr'><strong>prefuit:</strong></span> <span class='ocrx_word' id='word_1_245' title='bbox 897 3714 1009 3792; x_wconf 87' lang='lat' dir='ltr'><strong>idest</strong></span> <span class='ocrx_word' id='word_1_246' title='bbox 1033 3735 1181 3811; x_wconf 81' lang='lat' dir='ltr'><strong>gregem</strong></span> <span class='ocrx_word' id='word_1_247' title='bbox 1204 3710 1268 3790; x_wconf 87' lang='lat' dir='ltr'><strong>irbi</strong></span> <span class='ocrx_word' id='word_1_248' title='bbox 1299 3711 1525 3790; x_wconf 88' lang='lat' dir='ltr'><strong>commissum</strong></span> <span class='ocrx_word' id='word_1_249' title='bbox 1562 3708 1604 3786; x_wconf 80' lang='lat' dir='ltr'><strong>in·</strong></span> <span class='ocrx_word' id='word_1_250' title='bbox 1634 3708 1693 3788; x_wconf 89' lang='lat' dir='ltr'><strong>via</strong></span> <span class='ocrx_word' id='word_1_251' title='bbox 1730 3700 1923 3821; x_wconf 54' lang='lat' dir='ltr'><strong>veritatisx</strong></span> 
     </span>
     <span class='ocr_line' id='line_1_25' title="bbox 274 3835 1318 3918; baseline -0.013 0"><span class='ocrx_word' id='word_1_252' title='bbox 274 3837 387 3918; x_wconf 82' lang='lat' dir='ltr'><strong>iiabili</strong></span> <span class='ocrx_word' id='word_1_253' title='bbox 418 3851 545 3915; x_wconf 90' lang='lat' dir='ltr'><strong>tenore</strong></span> <span class='ocrx_word' id='word_1_254' title='bbox 567 3835 715 3914; x_wconf 77' lang='lat' dir='ltr'><strong>duexit.</strong></span> <span class='ocrx_word' id='word_1_255' title='bbox 1315 3836 1318 3847; x_wconf 90' lang='lat'>&#39;</span> 
     </span>
    </p>
   </div>
   <div class='ocr_carea' id='block_1_7' title="bbox 192 4038 1937 4937">
    <p class='ocr_par' dir='ltr' id='par_1_7' title="bbox 373 4038 1921 4167">
     <span class='ocr_line' id='line_1_26' title="bbox 373 4038 1921 4167; baseline -0.006 -15"><span class='ocrx_word' id='word_1_256' title='bbox 373 4080 555 4164; x_wconf 74' lang='lat' dir='ltr'><strong>sturvs</strong></span> <span class='ocrx_word' id='word_1_257' title='bbox 580 4072 729 4153; x_wconf 86' lang='lat' dir='ltr'><strong>nomine</strong></span> <span class='ocrx_word' id='word_1_258' title='bbox 752 4091 929 4153; x_wconf 72' lang='lat' dir='ltr'><strong>winicho</strong></span> <span class='ocrx_word' id='word_1_259' title='bbox 954 4038 1159 4167; x_wconf 76' lang='lat' dir='ltr'><strong>spiritaliter</strong></span> <span class='ocrx_word' id='word_1_260' title='bbox 1187 4068 1224 4150; x_wconf 78' lang='lat' dir='ltr'><strong>dr</strong></span> <span class='ocrx_word' id='word_1_261' title='bbox 1249 4064 1287 4146; x_wconf 87' lang='lat' dir='ltr'><strong>in</strong></span> <span class='ocrx_word' id='word_1_262' title='bbox 1309 4063 1468 4143; x_wconf 88' lang='lat' dir='ltr'><strong>Domino</strong></span> <span class='ocrx_word' id='word_1_263' title='bbox 1490 4060 1649 4161; x_wconf 87' lang='lat' dir='ltr'><strong>glorians</strong></span> <span class='ocrx_word' id='word_1_264' title='bbox 1668 4061 1729 4142; x_wconf 91' lang='lat' dir='ltr'><strong>sibi</strong></span> <span class='ocrx_word' id='word_1_265' title='bbox 1753 4065 1895 4166; x_wconf 89' lang='lat' dir='ltr'><strong>suisque</strong></span> <span class='ocrx_word' id='word_1_266' title='bbox 1918 4114 1921 4118; x_wconf 67' lang='grc'><em>»</em></span> 
     </span>
    </p>

    <p class='ocr_par' dir='ltr' id='par_1_8' title="bbox 192 4184 1920 4298">
     <span class='ocr_line' id='line_1_27' title="bbox 192 4184 1920 4298; baseline -0.012 -19"><span class='ocrx_word' id='word_1_267' title='bbox 192 4227 200 4237; x_wconf 82' lang='lat'><strong>·</strong></span> <span class='ocrx_word' id='word_1_268' title='bbox 271 4197 433 4297; x_wconf 85' lang='lat' dir='ltr'><strong>profecit.</strong></span> <span class='ocrx_word' id='word_1_269' title='bbox 484 4195 555 4270; x_wconf 86' lang='lat' dir='ltr'><strong>Per</strong></span> <span class='ocrx_word' id='word_1_270' title='bbox 575 4217 685 4295; x_wconf 90' lang='lat' dir='ltr'><strong>quem</strong></span> <span class='ocrx_word' id='word_1_271' title='bbox 711 4204 805 4269; x_wconf 88' lang='lat' dir='ltr'><strong>nutu</strong></span> <span class='ocrx_word' id='word_1_272' title='bbox 827 4191 897 4266; x_wconf 89' lang='lat' dir='ltr'><strong>Dei</strong></span> <span class='ocrx_word' id='word_1_273' title='bbox 919 4188 1039 4268; x_wconf 85' lang='lat' dir='ltr'><strong>omnis</strong></span> <span class='ocrx_word' id='word_1_274' title='bbox 1061 4192 1179 4266; x_wconf 87' lang='lat' dir='ltr'><strong>honor</strong></span> <span class='ocrx_word' id='word_1_275' title='bbox 1205 4188 1442 4298; x_wconf 79' lang='lat' dir='ltr'><strong>&amp;profedus</strong></span> <span class='ocrx_word' id='word_1_276' title='bbox 1466 4184 1731 4269; x_wconf 85' lang='lat' dir='ltr'><strong>Monachorum</strong></span> <span class='ocrx_word' id='word_1_277' title='bbox 1754 4198 1830 4263; x_wconf 89' lang='lat' dir='ltr'><strong>tam</strong></span> <span class='ocrx_word' id='word_1_278' title='bbox 1855 4186 1896 4263; x_wconf 91' lang='lat' dir='ltr'><strong>in</strong></span> <span class='ocrx_word' id='word_1_279' title='bbox 1917 4195 1920 4200; x_wconf 84' lang='lat'>&#39;</span> 
     </span>
    </p>

    <p class='ocr_par' dir='ltr' id='par_1_9' title="bbox 248 4298 1925 4517">
     <span class='ocr_line' id='line_1_28' title="bbox 248 4298 1925 4517; baseline -0.014 -117"><span class='ocrx_word' id='word_1_280' title='bbox 248 4332 261 4367; x_wconf 69' lang='lat'>⁷</span> <span class='ocrx_word' id='word_1_281' title='bbox 270 4306 403 4410; x_wconf 84' lang='lat' dir='ltr'><strong>timore</strong></span> <span class='ocrx_word' id='word_1_282' title='bbox 427 4314 574 4401; x_wconf 91' lang='lat' dir='ltr'><strong>diuino,</strong></span> <span class='ocrx_word' id='word_1_283' title='bbox 600 4337 710 4413; x_wconf 89' lang='lat' dir='ltr'><strong>quam</strong></span> <span class='ocrx_word' id='word_1_284' title='bbox 735 4311 903 4412; x_wconf 74' lang='lat' dir='ltr'><strong>in&#39;bonis</strong></span> <span class='ocrx_word' id='word_1_285' title='bbox 930 4298 1157 4408; x_wconf 82' lang='lat' dir='ltr'><strong>augmentari</strong></span> <span class='ocrx_word' id='word_1_286' title='bbox 1184 4304 1305 4406; x_wconf 89' lang='lat' dir='ltr'><strong>coepit</strong></span> <span class='ocrx_word' id='word_1_287' title='bbox 1329 4305 1585 4404; x_wconf 85' lang='lat' dir='ltr'><strong>temporalibus</strong></span> <span class='ocrx_word' id='word_1_288' title='bbox 1609 4301 1686 4404; x_wconf 59' lang='lat' dir='ltr'><strong>is).</strong></span> <span class='ocrx_word' id='word_1_289' title='bbox 1775 4408 1814 4517; x_wconf 75' lang='lat' dir='ltr'><strong>&#39;Q&#39;</strong></span> <span class='ocrx_word' id='word_1_290' title='bbox 1920 4400 1925 4415; x_wconf 23' lang='grc' dir='ltr'>ἱ</span> 
     </span>
    </p>

    <p class='ocr_par' dir='ltr' id='par_1_10' title="bbox 488 4444 1896 4499">
     <span class='ocr_line' id='line_1_29' title="bbox 488 4444 1896 4499; baseline -0.013 17"><span class='ocrx_word' id='word_1_291' title='bbox 488 4473 493 4483; x_wconf 83' lang='grc'><em>·</em></span> <span class='ocrx_word' id='word_1_292' title='bbox 693 4491 695 4495; x_wconf 59' lang='grc'><strong><em>«</em></strong></span> <span class='ocrx_word' id='word_1_293' title='bbox 1811 4444 1896 4499; x_wconf 83' lang='lat' dir='ltr'><strong>vm·</strong></span> 
     </span>
    </p>

    <p class='ocr_par' dir='ltr' id='par_1_11' title="bbox 312 4555 1681 4679">
     <span class='ocr_line' id='line_1_30' title="bbox 312 4555 1681 4679; baseline -0.015 -22"><span class='ocrx_word' id='word_1_294' title='bbox 312 4593 346 4676; x_wconf 70' lang='lat'><strong>⁸)</strong></span> <span class='ocrx_word' id='word_1_295' title='bbox 367 4589 405 4656; x_wconf 83' lang='lat' dir='ltr'><strong>Id</strong></span> <span class='ocrx_word' id='word_1_296' title='bbox 425 4589 463 4679; x_wconf 76' lang='lat' dir='ltr'><strong>est</strong></span> <span class='ocrx_word' id='word_1_297' title='bbox 480 4589 666 4666; x_wconf 84' lang='lat' dir='ltr'><strong>Heinricus,</strong></span> <span class='ocrx_word' id='word_1_298' title='bbox 687 4607 758 4658; x_wconf 78' lang='lat' dir='ltr'><strong>nam</strong></span> <span class='ocrx_word' id='word_1_299' title='bbox 775 4580 814 4656; x_wconf 66' lang='grc' dir='ltr'><strong>ἐν’</strong></span> <span class='ocrx_word' id='word_1_300' title='bbox 831 4577 914 4650; x_wconf 77' lang='lat' dir='ltr'><strong>lodie</strong></span> <span class='ocrx_word' id='word_1_301' title='bbox 934 4578 1020 4648; x_wconf 78' lang='lat' dir='ltr'><strong>iratis</strong></span> <span class='ocrx_word' id='word_1_302' title='bbox 1038 4578 1171 4676; x_wconf 77' lang='lat' dir='ltr'><strong>Herrigo</strong></span> <span class='ocrx_word' id='word_1_303' title='bbox 1190 4576 1348 4644; x_wconf 77' lang='lat' dir='ltr'><strong>Heinricus</strong></span> <span class='ocrx_word' id='word_1_304' title='bbox 1367 4574 1414 4664; x_wconf 68' lang='lat' dir='ltr'><strong>esi.</strong></span> <span class='ocrx_word' id='word_1_305' title='bbox 1679 4555 1681 4561; x_wconf 38' lang='lat'><strong><em>¹</em></strong></span> 
     </span>
    </p>

    <p class='ocr_par' dir='ltr' id='par_1_12' title="bbox 312 4722 1937 4937">
     <span class='ocr_line' id='line_1_31' title="bbox 312 4722 1937 4830; baseline -0.013 -19"><span class='ocrx_word' id='word_1_306' title='bbox 312 4744 363 4820; x_wconf 64' lang='lat'><strong>⁴*)</strong></span> <span class='ocrx_word' id='word_1_307' title='bbox 384 4742 545 4810; x_wconf 81' lang='lat' dir='ltr'><strong>Guelsonis</strong></span> <span class='ocrx_word' id='word_1_308' title='bbox 559 4741 612 4830; x_wconf 68' lang='lat' dir='ltr'><strong>IV,</strong></span> <span class='ocrx_word' id='word_1_309' title='bbox 641 4737 828 4807; x_wconf 71' lang='lat' dir='ltr'><strong>Dentonem</strong></span> <span class='ocrx_word' id='word_1_310' title='bbox 851 4729 986 4819; x_wconf 77' lang='lat' dir='ltr'><strong>intelligit</strong></span> <span class='ocrx_word' id='word_1_311' title='bbox 1003 4727 1152 4818; x_wconf 84' lang='lat' dir='ltr'><strong>scriptor,</strong></span> <span class='ocrx_word' id='word_1_312' title='bbox 1181 4724 1297 4816; x_wconf 71' lang='lat' dir='ltr'><strong>fossam</strong></span> <span class='ocrx_word' id='word_1_313' title='bbox 1324 4743 1402 4794; x_wconf 78' lang='lat' dir='ltr'><strong>anuo</strong></span> <span class='ocrx_word' id='word_1_314' title='bbox 1424 4745 1518 4812; x_wconf 83' lang='lat'><em>1090.</em></span> <span class='ocrx_word' id='word_1_315' title='bbox 1549 4744 1606 4812; x_wconf 88' lang='lat' dir='ltr'><strong>quo</strong></span> <span class='ocrx_word' id='word_1_316' title='bbox 1626 4722 1672 4793; x_wconf 83' lang='lat' dir='ltr'><strong>irie</strong></span> <span class='ocrx_word' id='word_1_317' title='bbox 1695 4723 1801 4801; x_wconf 75' lang='lat' dir='ltr'><strong>Allius</strong></span> <span class='ocrx_word' id='word_1_318' title='bbox 1820 4745 1895 4813; x_wconf 84' lang='lat' dir='ltr'><strong>ergo</strong></span> <span class='ocrx_word' id='word_1_319' title='bbox 1910 4744 1937 4790; x_wconf 84' lang='grc'><strong>·.</strong></span> 
     </span>
     <span class='ocr_line' id='line_1_32' title="bbox 348 4845 959 4937; baseline -0.02 -19"><span class='ocrx_word' id='word_1_320' title='bbox 348 4850 415 4937; x_wconf 77' lang='lat' dir='ltr'><strong>jam</strong></span> <span class='ocrx_word' id='word_1_321' title='bbox 434 4845 577 4936; x_wconf 68' lang='lat' dir='ltr'><strong>praeficit,</strong></span> <span class='ocrx_word' id='word_1_322' title='bbox 951 4881 959 4890; x_wconf 89' lang='lat'><strong>--</strong></span> 
     </span>
    </p>
   </div>
   <div class='ocr_carea' id='block_1_8' title="bbox 0 0 2142 5670">
    <p class='ocr_par' dir='ltr' id='par_1_13' title="bbox 0 0 2142 5670">
     <span class='ocr_line' id='line_1_33' title="bbox 0 0 2142 5670; baseline 0 3"><span class='ocrx_word' id='word_1_323' title='bbox 0 0 2142 5670; x_wconf 95' lang='lat' dir='ltr'><strong> </strong></span> 
     </span>
    </p>
   </div>
  </div>
 </body>
</html>
