4276 5670
588 382 594 389 ¹
721 393 1088 482 ‘tw
1649 415 1732 490 529·

94 571 200 648 ceffit.
251 565 506 663 Ingoliiadium
541 580 574 651 8.
598 567 770 643 Decemb.
798 568 960 644 deditum
985 568 1217 685 caesareanis.
1259 570 1327 653 ‚ln
1351 568 1508 648 Bouaria
1536 573 1721 652 dieuersae
1865 542 1869 555 ι

94 688 268 786 Legionis
296 688 589 763 caesareanorum
614 689 652 764 δι
678 685 945 764 foederatorum
968 687 1183 765 distributae.
1723 711 1731 729 ·
1873 680 1877 685 “

190 927 230 1002 In
261 924 447 1018 Hungaria
472 873 622 998 rebelles
652 923 886 1000 obtinuerunt
918 923 1137 1025 Mastusium}
1172 872 1371 1024 postquam.
1400 922 1617 1004 conuentus
1651 929 1721 1006 Le·

95 1060 262 1148 gatorum
286 1067 351 1141 pro
375 1065 463 1139 pace
488 1040 544 1119 vei
569 1054 697 1137 treuga
721 1065 837 1169 vanua
860 1042 941 1118 suit.

196 1307 250 1359 ro.
275 1281 362 1358 Dec.
395 1279 724 1355 Reuerendiffimus
756 1281 803 1356 ad
837 1246 999 1355 Caesaris
1030 1282 1209 1375 iegatum
1245 1279 1282 1399 in
1317 1266 1488 1357 Heiuetia
1519 1248 1730 1362 Dominum¹

95 1403 321 1482 Comitema
345 1398 643 1498 Troutmaasdorff
656 1399 799 1475 Badam
813 1399 1066 1476 Heluetiorum
1090 1398 1269 1497 prosesius
1282 1399 1335 1474 est
1349 1404 1393 1477 ab
1406 1401 1480 1498 ipso
1495 1415 1657 1491 vocatus.
1816 1422 1823 1435 ·

194 1642 252 1714 25.
278 1617 502 1693 Ornamenta
525 1613 704 1690 Ecclesiae
726 1617 874 1694 redusia
900 1622 945 1695 ab
969 1614 1108 1699 Exiiio,
1140 1613 1258 1691 rursus
1281 1614 1452 1712 exposita

190 1839 302 1912 Anno
332 1853 433 1928 1705.
463 1851 519 1922 25.
545 1828 647 1907 Febr.
676 1831 754 1906 dies
778 1830 941 1906 cinerum
988 1872 1037 1887 -
1086 1869 1136 1890 -·
1184 1831 1514 1909 Reuerendiffimus
1541 1829 1729 1928 proposuit.

96 1958 164 2036 PP.
189 1951 455 2050 Capituiaribus
478 1951 531 2024 R..
548 1951 586 2023 P.
614 1950 775 2026 Priorem
799 1951 935 2048 Argiae
962 1951 1076 2025 diuitis
1103 1950 1290 2026 sollicitare
1317 1975 1381 2049 pro
1403 1928 1730 2027 confoederatione
1827 1956 1830 1961 '

96 2102 181 2154 cum
207 2073 324 2148 nostro
353 2067 589 2158 monasterio,
622 2069 738 2167 quasis
764 2069 862 2146 inter
886 2070 1104 2150 uonastaia
1129 2070 1431 2166 congregationis
1454 2071 1516 2151 esi.
1562 2068 1722 2166 Respon-

95 2201 173 2273 sum
197 2189 411 2269 affirmatiue
439 2200 511 2263 etc.
1144 2200 1148 2205 ·

121 2481 138 2489 -
192 2410 231 2485 In
253 2407 324 2482 hac
349 2402 509 2480 Dioecesr
537 2400 796 2481 constantiensi
821 2404 1043 2504 publicatum
1068 2404 1120 2483 est
1138 2408 1337 2485 Decretum
1360 2404 1547 2506 Episcopi:
1583 2405 1722 2497 dispen-

95 2531 163 2608 sari
191 2530 229 2602 in
254 2527 315 2602 esu
346 2525 510 2600 carnium
531 2542 595 2621 per
620 2547 768 2619 4omam
794 2524 841 2599 iis
864 2526 902 2600 in
926 2525 1034 2610 iocis,
1068 2529 1129 2604 vbi
1149 2528 1201 2604 est
1220 2529 1416 2606 multitudo
1441 2524 1623 2611 miiitum,
1644 2547 1722 2603 non

97 2652 134 2726 in
161 2648 250 2723 aliis.
320 2645 458 2718 Milites
480 2644 680 2718 Dimachae
712 2667 755 2718 ac
778 2643 879 2718 Duce
901 2645 1187 2742 Wirtenbergico
1221 2674 1268 2726 ex
1300 2647 1497 2725 Hopmmt
1518 2643 1722 2741 (onemo)
1868 2740 1870 2743 ι

97 2769 187 2848 miffi
212 2763 457 2843 thciirornium
482 2762 527 2836 ad
552 2785 629 2837 rem
657 2762 897 2839 monetaria'm
922 2769 1187 2863 exequendam.

199 3008 230 3059 1.
256 2983 363 3057 Mart.
397 2980 441 3054 D.
472 2981 569 3055 Baro
601 2972 682 3078 Ro'st
717 2976 987 3056 commissarius
1026 2941 1221 3060 austriacas
1259 2983 1307 3059 ad
1346 2980 1503 3081 ᾶηγοηη
1535 3001 1622 3058 cum
1660 2980 1722 3057 suo

98 3105 258 3183 asinario
283 3101 412 3196 hospes
439 3099 476 3173 in
504 3094 701 3175 Conuentu
728 3097 884 3196 pransus.
1847 3086 1854 3097 ’

197 3339 254 3407 29.
279 3318 387 3392 Mart
412 3312 689 3410 Exspesiabatur
714 3315 872 3408 Legatos
895 3311 1091 3390 caesareus
1113 3316 1249 3392 Comes
1280 3312 1578 3413 Troutmonsdorff
1587 3336 1635 3387 ex
1651 3310 1738 3386 Ba·

98 3441 150 3515 da
170 3435 424 3513 Heluetiorum
451 3434 631 3509 Viennam
656 3433 886 3516 transturus3
911 3434 1067 3532 ideoque
1095 3438 1133 3515 ὅι
1159 3436 1348 3532 Brigantio
1371 3437 1418 3514 D.
1441 3436 1576 3513 Comes
1601 3427 1723 3507 Land-

99 3575 188 3655 uogt
211 3559 409 3641 aduenerat
431 3552 543 3628 hodie
567 3553 607 3628 in
631 3553 716 3628 aula
740 3553 895 3651 pransuS.

127 3868 130 3874 .
195 3818 253 3891 24
280 3790 396 3888 April.
423 3790 467 3864 D.
490 3790 626 3866 Comes
664 3791 857 3887 Landuogt
889 3791 1037 3871 discessit
1066 3803 1253 3893 tamquam
1294 3791 1565 3895 commissarius
1597 3788 1749 3867 Caesa·-

99 3938 185 3992 reus
210 3936 296 3987 cum
326 3911 371 3985 D.
396 3913 541 3987 Barone
568 3909 621 3984 Im
647 3911 733 4009 Hos
751 3911 797 3986 ad
821 3909 1032 4008 homagium
1058 3915 1208 3989 nominc
1234 3914 1508 4011 Imperatoris(
1516 3912 1626 3988 modo
1651 3910 1725 3984 Do·

99 4033 193 4110 mini
220 4031 421 4127 Bauariae)
436 4028 694 4124 'accipiendum
725 4029 763 4104 in
795 4026 829 4104 T
826 4031 968 4106 sriieim
1004 4055 1026 4106 a
1057 4032 1228 4120 subditis,‘
1276 4036 1375 4131 qnod
1407 4044 1486 4108 erat
1511 4026 1725 4106 Dominium

99 4153 334 4229 Mna-inrisioni
359 4149 473 4224 Ducis
496 4150 676 4225 Bauariae
702 4150 905 4246 (patruelis
931 4152 1096 4228 moderni
1117 4153 1291 4230 [sectoris
1313 4154 1353 4228 in
1373 4151 1542 4246 Belgium
1566 4144 1726 4248 repulsi)

91 4294 216 4370 -nuper
239 4268 411 4347 defuncti.
487 4316 492 4325 ·

201 4514 259 4585 26.
283 4505 515 4582 constantiae
541 4507 761 4583 consecratio
783 4505 945 4605 Episcopi
970 4504 1104 4613 Jounn.
1137 4503 1311 4608 Francisci
1342 4503 1466 4586 Scienk
1492 4503 1531 4582 Ae
1552 4501 1728 4604 Staufflrm
1881 4512 1889 4525 '

100 4626 203 4726 berg,
241 4625 476 4700 Consecratur
505 4626 666 4703 Nuntius
700 4626 927 4725 Apostolicus
952 4627 1188 4705 Lucernensro
1227 4629 1375 4706 Vicenzo
1409 4625 1537 4726 Bigii:
1576 4623 1728 4701 affluen-

101 4756 161 4821 ter
189 4744 355 4844 Episcopi
379 4743 604 4841 Suffiaganei
628 4744 860 4843 Augustanus
882 4738 1175 4949 ςιζῖῖῐεβενηαιὴ,
1203 4744 1546 4847 &Constantinus
1572 4740 1698 4950 sing}

937 4888 1048 4951 xxa
1571 4886 1607 4961 3.
1668 4878 1718 4959 ap
