4276 5670
727 376 1147 468 emmo·
1677 387 1749 475 2⁸3

120 552 315 633 ‹luloedlne
346 549 542 650 perniciosa
573 550 871 629 Aduersariornm
909 554 1000 641 tela,
1038 551 1170 650 quibus
1200 548 1396 629 Ecclenam
1422 553 1522 629 luam
1549 552 1749 645 inuadunt,

121 675 329 771 exasperata
353 671 429 771 sint.
480 671 621 756 Quibus
643 681 683 748 vt
707 671 936 769 praeueniat,
975 670 1136 747 doitrina
1160 693 1204 744 ac
1227 668 1363 766 pietate
1391 668 1596 769 praeclaros
1616 673 1749 772 ubsque

120 794 250 879 Viros,
295 814 387 891 quos
416 789 596 867 Ecclesiae
628 789 711 871 suae
743 788 942 887 praelatior
976 788 1177 872 constituit.
1219 787 1355 887 quique
1383 791 1511 866 diuino
1538 791 1663 889 spiritu
1690 793 1750 869 iu·

121 911 200 989 fleti
221 911 417 989 Ecclesiam
450 912 548 986 suam
572 907 691 983 veraci
726 911 834 984 verbo
867 931 889 982 a
917 907 1121 984 crudelibus
1157 907 1433 984 Haereticorum
1459 908 1641 988 Dostrinia
1667 934 1749 1010 pru·

120 1042 268 1126 tegunt,
300 1029 420 1123 eligit,
454 1053 497 1103 ac
520 1028 648 1102 diuina
672 1027 734 1102 sua
761 1027 968 1102 Clementia
999 1028 1197 1102 exsuscitat.
1245 1027 1342 1102 Inter
1362 1049 1454 1124 quoa
1479 1028 1657 1106 Ecclesiae
1682 1055 1748 1107 uo·

121 1148 212 1223 lirae
238 1147 450 1224 Defensores
474 1147 721 1222 numerandus
753 1145 968 1221 dofiilsrmus
994 1146 1056 1220 hic
1082 1145 1307 1222 Adolescens
1333 1143 1534 1249 Jouclrimur
1568 1147 1748 1246 Tydiclriur

119 1265 336 1367 Bersinenfin
375 1266 530 1341 Artium.
553 1287 598 1340 ac
627 1264 875 1362 Philosophiae
907 1262 1092 1358 Magister.
1139 1264 1305 1361 praesens
1332 1263 1554 1343 Litterarum
1580 1289 1747 1347 meaunn

121 1386 292 1475 ostensor,
325 1385 397 1460 loci
421 1382 641 1479 honorisque
666 1382 862 1480 plurimum
886 1394 1065 1468 meretur,
1104 1383 1167 1482 qui
1188 1383 1273 1459 lioet
1294 1394 1414 1459 aetate
1439 1385 1559 1461 adhuc
1581 1385 1746 1481 inuenit,

119 1505 276 1582 multum
303 1517 427 1581 tamen
454 1501 633 1578 Ecclesiae
660 1500 872 1577 Catholicae
905 1500 1008 1575 saluti
1040 1500 1177 1597 scriptis
1208 1501 1280 1576 suia
1306 1501 1583 1581 manilellilhma
1608 1503 1772 1582 buthe·
1897 1532 1904 1541 ·

118 1646 289 1701 mirorum
320 1622 516 1698 mendacia
552 1620 770 1719 aperiendo,
815 1618 1080 1713 elegantiffimis
1114 1643 1246 1716 nempe
1280 1619 1441 1718 Versuum
1474 1621 1745 1701 concinnitatibar
1851 1719 1861 1735 .

118 1743 240 1841 pallim
264 1741 303 1816 iu
335 1740 518 1818 Gemmniu
541 1740 661 1815 aeditis
685 1738 882 1815 inseruiuit
948 1741 1069 1823 Quem
1084 1741 1331 1816 venerandum
1355 1739 1634 1818 Adolescentem
1661 1765 1744 1839 pro·

43 1949 46 1953 ,
118 1878 198 1960 pter
226 1860 309 1955 ejus
341 1860 534 1951 Summam
563 1858 793 1945 modestiam,
829 1857 1065 1957 probitatem,
1104 1857 1297 1954 pietatem,
1334 1879 1378 1931 ac
1400 1858 1647 1938 Excellentem
1677 1863 1744 1938 do·
1903 1931 1923 1960 ,

120 1980 287 2063 urinam,
324 1977 421 2052 inter
445 1977 603 2076 reliquos
627 1980 752 2057 doetus
782 1977 993 2054 Catholicae
1017 1977 1158 2052 nostrae
1189 1976 1362 2055 Veritatis
1391 1975 1606 2054 Defensores
1636 1979 1743 2058 unice
1798 2030 1814 2039 ·-

120 2096 332 2196 paternitati
361 2109 448 2171 tuae
477 2099 714 2181 commendo,
746 2120 857 2196 quem
890 2094 1111 2193 praedistum
1137 2095 1242 2194 Magi
1265 2123 1337 2171 rum
1362 2094 1597 2200 Jouclrr'nnnn,
1634 2098 1743 2178 lirel

120 2215 354 2297 Conditionir
381 2237 515 2310 genere
542 2217 637 2312 apud
662 2227 701 2292 te
718 2216 868 2291 honesto
888 2213 1100 2309 gratificari,
1126 2215 1185 2292 vel
1205 2214 1461 2292 beneficiorum
1486 2229 1630 2293 tuorum
1653 2218 1740 2292 libe·

118 2336 277 2420 rasitare,
319 2358 412 2432 quae
451 2333 597 2410 fidelem
636 2332 838 2410 Praesulem
865 2335 991 2422 decet,
1031 2331 1229 2408 clementer
1251 2333 1422 2427 adiuuare
1453 2334 1606 2432 poterin,
1651 2335 1742 2415 illud

119 2457 174 2533 vel
197 2455 329 2531 Matris
351 2452 490 2528 nostrae
517 2451 696 2528 Ecclefiae
719 2453 888 2541 nomine,
921 2450 981 2528 cn'i
1007 2449 1070 2526 hic
1094 2450 1267 2528 Defensor
1294 2452 1516 2528 constitutus·
1538 2475 1599 2540 er,
1620 2453 1741 2530 iacere

117 2599 165 2654 ue
189 2572 416 2671 dedigneris,
455 2570 617 2648 submille
646 2595 668 2645 a
699 2582 739 2646 te
766 2583 872 2667 peto,
913 2581 1024 2668 atque
1044 2571 1237 2646 contendo.
1310 2570 1373 2646 Eli
1393 2573 1493 2649 enim
1518 2571 1651 2669 dignus
1678 2571 1741 2648 hic

117 2693 356 2777 Adolescens,
392 2703 432 2768 vt
455 2689 723 2767 clarisiimorum
750 2690 918 2766 Virorum
947 2711 1016 2786 ope
1039 2687 1078 2765 δι
1104 2688 1240 2763 anxilio
1265 2690 1312 2772 ad
1332 2688 1521 2768 honestum
1544 2692 1740 2771 studiorum

116 2813 261 2890 suornm
294 2812 406 2886 linem
429 2809 633 2904 adjunctur.
677 2807 750 2904 lpse
774 2807 933 2904 denique
957 2829 1006 2881 ne
1031 2805 1089 2884 vel
1110 2819 1174 2881 tua
1206 2806 1263 2882 rel
1288 2806 1442 2885 aliorum
1464 2811 1740 2906 magnificorum

116 2930 322 3008 Praesulum
343 2926 520 3004 beneficia
550 2924 611 3024 ipfi
647 2926 897 3002 collaterana
933 2925 995 3000 sed
1029 2922 1192 3023 operaria
1218 2924 1306 3013 sint,
1348 2927 1489 3005 summa
1511 2929 1740 3024 [gratitudine
1791 3014 1797 3021 ,

117 3049 260 3127 efficiet.
309 3049 392 3125 Hac
413 3048 451 3122 iu
475 3069 516 3122 re
539 3044 632 3122 mihi
660 3047 699 3122 lia
722 3043 874 3120 honesto
897 3042 984 3120 huic
1013 3041 1230 3119 adolescenti
1252 3042 1443 3133 iuleruier,
1478 3059 1652 3146 perpetuo
1674 3072 1739 3128 rna

116 3168 184 3246 tibi
207 3192 333 3247 amore
356 3166 562 3250 deuincieo,
603 3162 722 3260 ficque
745 3160 832 3238 huic
856 3161 1051 3240 doliislimo
1073 3158 1246 3248 strrdiosm
1293 3161 1441 3241 alumno
1467 3166 1587 3245 nostro
1616 3191 1738 3265 prom·

118 3299 178 3364 tna
209 3289 301 3389 (ceu
322 3290 435 3385 spero)
468 3284 599 3368 fuerit,
643 3280 823 3356 Ecclesiae
855 3281 995 3356 nostrae
1025 3277 1130 3355 saluti
1160 3279 1316 3358 multum
1336 3282 1612 3376 mtilimherh,
1656 3287 1738 3364 Deo

117 3422 240 3484 autem
270 3410 425 3484 Summo
459 3418 497 3480 te
538 3401 765 3478 Carissimum
804 3399 1002 3476 exhibebis.
1067 3399 1141 3482 Qui
1177 3398 1433 3480 Reuereudam
1473 3405 1736 3493 Patemitatem

117 3540 218 3602 tuam
242 3527 307 3601 diu
336 3524 443 3601 nobis
475 3521 696 3598 incolumem
727 3517 865 3602 semet,
907 3517 946 3591 in
969 3514 1154 3601 Ecclesiae
1184 3516 1269 3592 suae
1292 3519 1519 3615 triumphum
1547 3529 1586 3605 or
1613 3548 1737 3616 rerum

115 3645 335 3742 publicamm
363 3641 682 3718 conseruationem.
745 3637 863 3711 Datae
889 3631 1077 3730 Augustae
1094 3633 1250 3716 Rhetiae
1280 3663 1315 3714 2.
1339 3638 1491 3719 Kalend.
1512 3643 1600 3742 Juni
1624 3646 1736 3722 Anno

114 3764 370 3840 Redemtionis
394 3759 581 3836 MDLXX.
606 3756 842 3831 Reuereudae
875 3753 1088 3831 Patemitati
1121 3764 1206 3829 tuae
1236 3754 1276 3830 in
1301 3758 1472 3835 omnibus
1496 3762 1735 3840 deditiffimua

114 3879 232 3957 Petras
258 3879 407 3980 Cunisms
429 3878 475 3954 D.
496 3877 694 3969 societatis
716 3874 798 3973 lesu
821 3872 1025 3968 Theolognr
1048 3869 1285 3971 heroicoque
1308 3875 1495 3957 Prouutir
1511 3907 1577 3982 per
1594 3881 1734 3959 Germa·

114 4005 202 4076 aion
225 3999 403 4100 Inqurfitor
424 4021 537 4074 mann
558 3996 712 4097 propria.

206 4236 247 4313 ln
262 4236 414 4315 Summa
434 4255 577 4331 quoque
593 4231 758 4328 Egestate
774 4211 1059 4306 Praedecefl'orea
1078 4229 1216 4306 noliror
1235 4252 1258 4305 a
1275 4227 1488 4331 Discipliuae
1511 4237 1628 4333 rigore
1639 4235 1732 4313 haut

112 4353 310 4440 disceffille,
338 4357 376 4433 ἀ
399 4354 483 4429 ideo
501 4354 636 4426 exteris
659 4374 802 4448 quoque
826 4348 1049 4445 Regionibun
1070 4348 1200 4426 honori
1225 4362 1335 4450 atque
1363 4354 1589 4431 venerationi
1609 4355 1733 4447 fuisse,

112 4479 250 4553 nedum
275 4474 450 4559 addusia,
474 4472 534 4546 sed
551 4471 589 4546 ἃ
603 4468 818 4543 adducenda
838 4466 1022 4544 luculento
1045 4482 1259 4563 argumento
1284 4482 1403 4547 erunt.
1452 4473 1611 4552 Effusam
1629 4475 1731 4551 hisce

43 4613 46 4616 ⁴
112 4595 319 4692 praesertim
333 4591 556 4687 temporibus
570 4588 639 4662 Dei
663 4586 883 4662 vindicantis
904 4585 998 4663 iram
1020 4609 1097 4661 nou
1121 4587 1234 4663 solnm
1259 4587 1362 4686 super
1383 4591 1641 4671 Monalierium
1665 4618 1733 4670 uo·

111 4713 243 4800 lirion,
268 4713 328 4786 sed
345 4715 381 4789 st
403 4707 504 4807 super
518 4720 652 4792 totam,
676 4728 747 4804 qna
769 4703 843 4780 late
857 4704 982 4804 pita,
1007 4704 1245 4783 Germaniam
1269 4706 1386 4794 stalle,
1408 4709 1601 4807 imaginari
1624 4713 1732 4789 nobis

997 4821 1036 4900 N
1040 4844 1068 4898 n
1092 4843 1117 4902 a
1183 4868 1188 4877 ·
1673 4832 1733 4912 vel
