4276 5670
430 380 503 465 ιιι
618 386 625 397 ·
785 452 797 472 ,
1034 361 1451 455 *maone

434 546 587 645 „potins
613 544 810 642 adprobare
834 536 1078 636 Praepofitnm
1106 537 1163 615 rel
1188 537 1319 626 assum,
1357 550 1398 615 vt
1419 537 1666 618 Conseffiones
1695 540 1820 618 audire
1852 564 1894 618 ac
1925 541 2054 619 Sacra·

434 680 589 753 „menta
613 667 660 741 ad
687 663 886 741 ministrare
909 657 1021 757 poffit.
1086 656 1250 756 Neque
1239 678 1277 734 ιιι
1301 658 1384 733 aliis
1414 680 1500 736 eam
1522 659 1736 813 Ecclesiam.
1783 685 1877 846 qnae
1905 674 2055 743 exemto

434 784 721 882 „praesumitur
756 781 895 859 visitare
924 775 1045 876 potest.

530 975 707 1077 „Quintso
743 996 871 1049 reuera
894 970 985 1047 nibil
1008 968 1112 1052 esset,
1143 965 1364 1061 scribendum
1383 970 1431 1044 ad
1449 968 1680 1047 cardinalem
1697 970 1938 1062 bludrutium,
1966 994 2053 1052 cum

433 1095 568 1185 „Nihil
598 1094 698 1192 poffit
730 1092 890 1191 probari,
936 1113 1017 1164 eam
1052 1084 1259 1162 Ecclesiam·
1277 1086 1347 1161 esse
1368 1088 1583 1165 Exemtam:
1624 1115 1743 1189 neque
1771 1092 1814 1169 srt
1844 1115 1937 1189 opus
1955 1116 2057 1171 ·vere

432 1269 456 1305 ‚,
466 1214 681 1292 confirmare
710 1211 861 1289 vestram
886 1209 1200 1291 Commilsronem,
1231 1204 1289 1278 cui
1314 1230 1387 1280 non
1407 1209 1557 1302 derogat
1577 1208 1792 1291 Concilium.
1842 1215 1969 1289 Petere
1992 1235 2056 1291 ve·

434 1357 507 1423 „ro
537 1347 578 1411 vt
610 1355 729 1429 neque
767 1330 805 1405 in
835 1329 1152 1404 Sacramentorum
1187 1326 1496 1402 administratione
1526 1330 1793 1423 recognoscamur
1824 1328 2055 1416 ordinarius.

436 1477 524 1541 „res
555 1451 606 1526 est
630 1474 756 1549 parum
780 1447 957 1531 modesta,
1007 1452 1045 1526 dr
1078 1456 1202 1543 aperte
1226 1457 1352 1519 contra
1384 1446 1608 1533 Concilium,
1648 1472 1757 1547 quam
1791 1444 1961 1535 Pontifex
1992 1453 2057 1531 vix

432 1572 661 1660 „concedet‚
702 1592 787 1644 cum
818 1569 882 1643 vix
913 1568 1015 1664 possit
1044 1562 1174 1641 adferri
1194 1586 1393 1657 praegnans
1416 1566 1521 1640 causa
1556 1562 1633 1661 ejus
1659 1568 1897 1644 Exemtionis.
1961 1570 2058 1655 Quia

434 1704 582 1781 „tamen
610 1689 662 1765 ita
686 1702 788 1782 rogat
813 1687 969 1770 Comes.
1006 1690 1043 1765 br
1077 1682 1216 1759 sortasse
1246 1685 1395 1778 expedit
1427 1710 1510 1761 eam
1543 1686 1739 1769 Ecclesram
1771 1689 1983 1767 conseruare
2014 1704 2056 1769 vt

435 1823 646 1900 ‚exemtam
681 1816 860 1903 (excepta
893 1808 1207 1883 sacramentorum
1236 1804 1574 1904 administratione)
1606 1809 1680 1884 duo
1702 1806 1840 1907 pollent
1871 1832 1895 1886 e
1926 1808 2056 1887 carei-

432 1929 563 2020 „nale,
602 1927 694 2027 peti,
720 1950 813 2029 quae
838 1924 982 2023 expressi
1008 1922 1197 2023 separatim
1220 1921 1259 1997 in
1283 1923 1414 1999 litteris
1438 1927 1486 2001 ad
1509 1926 1622 2004 illum.

527 2142 684 2231 „Sextm
725 2136 873 2219 Piliorio
912 2136 1221 2238 respondendum,
1273 2136 1341 2210 elle
1375 2141 1627 2243 apertumJus
1653 2152 1759 2249 tuum
1789 2137 2052 2228 confirmandis

432 2262 709 2361 „Praepositum
748 2270 921 2361 perpetua
958 2257 1060 2357 praui
1098 2257 1362 2332 confirmatum.
1440 2258 1698 2367 Exemtiqnem
1740 2262 1836 2339 illins
1875 2263 2058 2340 Ecclesrae

431 2382 740 2481 „praescriptione
764 2380 965 2464 indusiam,
1007 2377 1196 2453 Ordinatio
1220 2376 1344 2452 saitem
1366 2401 1442 2475 ,non
1468 2380 1697 2458 reclamante.
1745 2384 1837 2461 Eam
1859 2382 2060 2461 Ecclefiam

431 2557 453 2590 „
463 2524 511 2577 ex
534 2480 721 2577 communi
743 2500 847 2599 Jure,
886 2510 927 2575 vt
951 2511 1134 2573 exemtam
1159 2498 1310 2593 probato
1333 2496 1417 2584 vsu,
1442 2499 1582 2577 visitare
1606 2503 1710 2579 illum
1737 2526 1810 2578 non
1836 2503 1948 2599 poll'e,
1996 2514 2059 2579 'ne-

435 2642 537 2718 „que
571 2620 755 2695 Comitem
792 2617 1057 2717 permissurum,
1091 2639 1177 2691 cum
1207 2617 1284 2711 jam
1317 2616 1416 2712 super
1448 2642 1493 2694 ea
1516 2646 1555 2697 re
1582 2623 1629 2696 ad
1653 2618 1885 2696 Cardinalem
1910 2622 2057 2699 bladiu-

432 2741 555 2828 „tium
582 2737 752 2835 scripserit
779 2749 870 2812 etc:
914 2735 1050 2811 Frustra
1075 2740 1113 2821 δι
1138 2735 1234 2811 male
1257 2735 1408 2810 laborari
1430 2741 1490 2814 vbi
1511 2741 1630 2818 nullus
1650 2740 1967 2843 fructuosequitnr
1987 2755 2056 2819 etc.

430 2868 453 2948 ‚'‚
461 2860 502 2936 si
528 2854 874 2934 administrationem
899 2846 1217 2932 Sacramentorum
1245 2868 1391 2950 vrgeat,
1430 2857 1625 2936 dicendum
1657 2885 1705 2935 ex
1729 2858 1891 2939 Concilio
1927 2886 2054 2940 verum

432 2980 499 3068 „id
523 2979 609 3067 elle,
657 2977 716 3053 sed
742 2997 862 3071 neque
888 2974 964 3070 poli
989 2976 1180 3071 Synodum
1205 2974 1419 3071 postremam
1443 2977 1751 3057 constantiensem
1784 2980 1985 3080 quidquam
2018 2983 2055 3058 in

431 3154 452 3189 ,,
463 3124 506 3176 ea
524 3095 681 3173 Ecclesia
697 3094 943 3170 immutatum.
993 3092 1037 3166 Si
1058 3094 1265 3169 Concilium
1287 3091 1337 3165 eii
1361 3093 1399 3167 in
1421 3097 1521 3191 praxi
1547 3097 1585 3172 in
1606 3100 1676 3174 hac
1700 3123 1757 3186 re.
1782 3122 1892 3198 quare
1916 3126 1992 3177 non
2016 3102 2054 3179 in

431 3215 570 3304 „aliisi
606 3238 691 3291 cum
716 3226 839 3288 tameo
873 3211 910 3286 in
935 3209 1149 3307 paucilbmis
1183 3211 1341 3285 seruetur
1364 3212 1420 3309 )
1491 3216 1552 3290 Ad
1582 3220 1792 3292 canendos
1801 3230 1926 3294 tauren
1964 3221 2056 3297 scm·

431 3337 568 3437 „pulos
595 3333 745 3411 omnino
771 3328 919 3427 expedit
944 3326 1182 3404 Conless'arios
1209 3332 1245 3405 e
1271 3330 1557 3409 concionatores
1589 3332 1670 3433 ejus
1691 3334 1869 3415 Ecclesiae
1899 3338 1939 3419 dt
1965 3338 2054 3417 alte·

433 3456 540 3548 „rius
565 3452 761 3530 Parochiae
788 3447 833 3523 ab
856 3444 1048 3523 Ordinatio
1071 3448 1270 3547 adprobari

437 3702 440 3707 ·
529 3666 650 3766 „Sept
639 3690 721 3749 mor
777 3661 832 3758 {ln
869 3659 1016 3735 Litteris
1055 3662 1102 3736 ad
1138 3660 1369 3738 Cardinalem
1412 3664 1536 3758 paucis
1571 3669 1706 3764 {putaui
1757 3671 1825 3746 elle
1857 3672 2055 3769 petendam

432 3784 786 3878 „Confirmationem
810 3778 986 3853 libertatis
1016 3783 1077 3858 seu
1109 3778 1385 3856 Exemtionem·
1410 3781 1504 3859 illius
1539 3785 1728 3863 Ecclesiae.
1804 3790 1912 3877 Quod
1938 3791 2055 3869 multa

434 3910 652 4006 „sequantur
676 3901 761 3978 inda
785 3898 871 3975 satis
895 3896 1088 3974 intricata...
1149 3898 1242 3997 Quis
1268 3900 1367 3975 enim
1394 3903 1541 3978 deberet
1577 3904 1646 3978 elle
1669 3907 1908 3993 ¹Ordinarius,
1957 3911 2055 3986 illius

432 4028 550 4117 „Loci
585 4020 779 4104 Visrtator‘s
824 4016 906 4116 quis
930 4017 1046 4116 Judex
1073 4020 1110 4096 dt
1138 4016 1285 4092 Punitor
1316 4019 1552 4096 desisiorum‘s
1601 4021 1683 4120 quis
1710 4027 1924 4121 adprobator
1960 4028 2057 4106 Con·

319 4146 323 4153 ’
434 4141 714 4239 „sellariorum‘i
769 4152 838 4215 etc.
883 4148 1071 4234 propterea
1110 4137 1334 4231 generalibus
1382 4141 1562 4215 duntaxat
1603 4142 1723 4217 verbis
1759 4144 1836 4220 sum
1874 4146 1955 4224 rsus
1992 4173 2055 4226 ne·

433 4290 532 4364 „que
557 4263 641 4338 heic
671 4259 805 4336 uisendi
828 4254 954 4354 potest.
1026 4254 1171 4329 Pistorio
1206 4258 1336 4332 diserte
1359 4260 1527 4332 renuntia
1558 4272 1596 4334 te
1626 4259 1701 4357 Juri
1735 4272 1799 4337 tuo
1832 4263 1883 4340 ὅτ’
1903 4268 2057 4362 probatu

433 4397 503 4476 „vt
533 4380 668 4479 aliquid
693 4375 927 4460 detrabatur,
960 4371 1111 4449 minime
1143 4376 1328 4472 passurum.
1380 4377 1544 4452 Remitto
1567 4379 1801 4461 Quaestiunes
1825 4382 1979 4471 vestras,
2014 4400 2057 4464 vt

435 4563 455 4596 ,‚
466 4505 591 4583 videas
625 4521 668 4575 ac
692 4494 838 4578 scribas,
876 4514 922 4566 an
955 4491 1005 4591 adp
1027 4504 1153 4586 rogata
1176 4494 1418 4595 responderim
1439 4495 1742 4578 &satisfecerim
1808 4500 1901 4579 Vale
1925 4508 1964 4585 dr
1988 4528 2055 4604 pro

434 4648 527 4716 „me
551 4643 624 4698 ora.
676 4611 1084 4705 23.Decembr.1592.

710 4833 715 4847 .
1841 4706 2060 4847 'seqan-

367 4918 374 4930 ‚
477 4841 511 4926 ι)
534 4839 609 4926 oua
629 4828 823 4923 ριοιιιιιιιι
