4276 5670
830 388 833 393 ’
874 373 1297 471 amomo*
1823 394 1895 480 481

292 584 303 591 ·
368 539 502 639 Annus
537 567 647 660 un4p.
711 557 886 635 lnsaustus
922 556 1131 654 praeeuntis
1165 555 1251 631 anni
1284 548 1425 643 exitus,
1464 558 1524 635 sed
1556 556 1745 637 infaustius
1785 560 1895 656 longe

267 683 463 781 praesentis
488 681 702 774 auspicium,
734 692 906 776 totusque
932 675 1106 771 deinceps
1141 675 1319 751 decursus.
1365 676 1406 751 ln
1437 677 1538 752 feriis
1567 678 1770 768 Natalitiis,
1800 680 1893 777 post·

268 824 378 900 qnam
406 801 515 875 Sueci
544 799 713 899 Largium
729 801 779 876 dt
799 795 1069 895 Rauenspurgrmr
1094 793 1341 883 obtinuerant,
1367 795 1477 871 castra
1506 794 1669 873 Roberuu
1698 798 1893 897 Dugluffiur
1983 849 1990 859 ι

270 919 457 1016 Generalis
479 921 598 994 locum
622 931 752 1002 tenens
774 917 990 1014 Brigantium
1011 911 1131 991 versans
1158 913 1293 1002 moult,
1324 936 1398 1010 quo
1419 917 1457 992 dt
1481 938 1514 1010 4
1536 914 1697 1015 Jannarii
1720 917 1890 994 facillime

268 1039 441 1124 obtinuit,
491 1062 530 1115 re
555 1038 680 1113 bellica
713 1034 925 1133 aPrneseilo
959 1031 1106 1133 Esclrern
1139 1035 1177 1110 dt
1206 1035 1360 1108 caeteris
1390 1034 1543 1131 turpiter
1573 1039 1611 1114 dt
1641 1059 1889 1132 magnacum

268 1157 473 1235 confusione
497 1157 753 1233 administrata.
823 1151 993 1253 Opimam
1018 1158 1056 1233 dr
1077 1152 1141 1230 rix
1168 1151 1433 1253 exsplicabilem
1458 1156 1630 1250 praedam
1660 1170 1748 1233 tunc
1774 1155 1889 1233 hellis

266 1278 425 1352 obtinuit
445 1277 480 1351 in
503 1278 659 1371 nauibus
687 1276 762 1370 jam
789 1272 966 1370 prioribus
989 1273 1119 1349 diebus
1138 1274 1298 1350 oneratis
1326 1268 1488 1349 &abire
1512 1275 1665 1370 paratis,
1708 1279 1810 1352 seda
1839 1276 1885 1352 D.

270 1396 421 1496 Wnlsero
445 1395 640 1494 Proconsuli
671 1393 847 1473 inhibitis.
919 1392 995 1490 Ipsa
1021 1392 1108 1468 dein
1131 1392 1380 1490 occupationis
1405 1392 1466 1468 die
1486 1405 1596 1497 ‘tanta
1623 1408 1815 1473 ventorum
1845 1401 1886 1476 dt

264 1515 486 1611 tempestatis
511 1515 683 1591 violentia
697 1506 905 1608 ingruente,
947 1526 989 1592 vt
1015 1511 1154 1588 nullum
1178 1511 1328 1590 vlterius
1352 1510 1538 1607 nauigium
1559 1537 1581 1588 e
1605 1514 1885 1613 portu·subduci

261 1637 430 1733 potuerit.
502 1634 648 1719 Exteri,
688 1635 749 1730 qui
776 1656 835 1707 res
863 1631 944 1708 luas
966 1630 1029 1706 hic
1054 1630 1093 1706 in
1124 1639 1206 1707 tuto
1237 1629 1383 1706 surmus
1403 1631 1711 1725 existimauerant,
1755 1658 1884 1714 earum

262 1756 428 1831 omnium
450 1754 626 1850 jatiuram
647 1755 820 1830 fecerunt
875 1749 980 1828 Haec
999 1762 1039 1829 rt
1059 1750 1216 1848 primum
1241 1751 1570 1859 Reuerendiffimus
1600 1754 1645 1831 D.
1668 1756 1792 1833 Abbas
1817 1780 1884 1832 no·

261 1874 329 1950 lter
353 1874 548 1970 comperit,
590 1875 724 1971 ipsese
754 1870 1201 1957 Veldkirciiamcontulit,
1240 1869 1406 1948 missurus
1437 1873 1563 1950 Patres
1587 1874 1792 1954 &Fratres
1815 1898 1884 1950 nn·
1918 1938 1920 1942 .
2011 1898 2016 1902 ·

259 1994 348 2069 siros
372 1994 418 2068 ad
442 1993 502 2066 illa
517 1993 748 2080 monasteria,
782 2014 936 2089 quorum
951 1990 1136 2066 Praelatos
1156 1990 1204 2066 ad
1228 1989 1339 2066 finem
1359 1990 1548 2087 superioris
1569 1992 1657 2074 anni
1671 1996 1712 2074 in
1731 2017 1881 2074 ornnem

259 2125 435 2200 euentum
457 2113 621 2189 fortunae
644 2113 785 2190 nostrae
806 2121 1021 2188 exarauerat
1041 2131 1106 2209 pro
1127 2107 1290 2186 Exulum
1317 2109 1547 2209 susceptione.
1650 2119 1661 2125 ’

353 2328 388 2402 5.
407 2305 486 2406 Jan.
510 2306 600 2388 hora
621 2302 655 2382 24
673 2304 788 2382 notlis
807 2304 1024 2385 antelucana
1042 2303 1198 2407 cccrurit
1223 2298 1268 2380 R.
1294 2301 1337 2381 P.-
1361 2301 1529 2405 Casparar
1549 2304 1686 2385 Frb'wir
1709 2332 1756 2386 ex
1769 2307 1881 2389 Veld-

255 2426 468 2507 hireneum
490 2426 535 2502 R.
559 2424 599 2504 P.
623 2424 796 2526 Alpionfir
819 2430 856 2505 dt
882 2424 1066 2502 Fratribus
1087 2424 1216 2509 nostris
1238 2420 1393 2535 jacobo,
1431 2425 1573 2518 Atrnn,
1612 2428 1805 2518 Benediilo,
1841 2429 1880 2507 dt
1991 2448 1997 2457 ·

256 2543 450 2650 genesim.
527 2545 578 2621 Hi
608 2544 772 2642 postremi
802 2567 886 2622 cum
912 2545 1082 2641 Magistro
1106 2543 1167 2620 suo
1199 2541 1245 2622 R.
1272 2541 1314 2620 P.
1338 2543 1516 2645 Alpionfir
1546 2549 1704 2648 recipere
1734 2551 1770 2625 se
1801 2548 1878 2646 juffi

224 2667 339 2740 suut
363 2668 409 2741 ad
447 2665 705 2767 Monasterium
740 2664 1081 2754 Muricemontanam,
1131 2661 1211 2740 ΚΕ.
1247 2661 1318 2740 ΡΡ.
1358 2662 1541 2765 Casparus,
1587 2668 1630 2746 ts
1668 2667 1807 2765 Gabriel
1842 2673 1879 2746 in
2038 2672 2041 2676 ’

256 2785 407 2869 riderent
429 2785 604 2860 destinati.
636 2785 829 2891 *cecidere
855 2806 899 2859 ea
924 2784 995 2882 ipsa
1015 2786 1121 2862 nolte
1148 2783 1333 2860 altissimae
1355 2783 1456 2860 caelo
1479 2784 1608 2875 niues,
1653 2799 1694 2868 vt
1714 2788 1878 2869 maximo

255 2904 340 3012 sane
371 2905 495 2982 labore
524 2907 588 3001 sub
619 2905 804 3008 vesperum
833 2905 945 3001 pedes
977 2904 1016 2979 in
1053 2901 1511 3000 nnanperuenerimns,
1538 2930 1690 3005 magna
1717 2909 1878 2987 Bludenti

253 3023 526 3102 condolentium
555 3029 592 3103 dc
619 3024 923 3124 complorantium
949 3023 1182 3101 multitudine
1208 3034 1430 3099 occurrente.
1498 3026 1617 3103 Prarisr
1642 3029 1764 3106 sumus
1788 3052 1878 3128 pau·

250 3145 394 3242 pertine
417 3145 615 3220 admodum
638 3144 676 3247 dc
696 3145 903 3240 frugaliter,
942 3145 1001 3222 led
1025 3167 1144 3242 neque
1168 3140 1302 3219 lautius
1329 3140 1586 3236 coenauimus,
1633 3147 1672 3223 in
1698 3161 1813 3225 terras
1837 3150 1877 3228 dt
1953 3149 1958 3155 ’

248 3286 316 3362 per
342 3264 483 3340 scamna
508 3264 751 3369 notte'effulr,
789 3264 903 3361 ignari
941 3265 1175 3362 quandonam
1198 3262 1308 3338 bostis
1336 3265 1596 3360 superueniret,
1635 3267 1700 3366 qui
1724 3267 1877 3346 nllrbo·

249 3405 342 3473 num
367 3383 517 3495 Numen
555 3383 921 3486 aliter‚dilposuillet,
971 3407 1015 3458 ea
1035 3383 1101 3491 illa
1123 3384 1184 3458 die
1207 3380 1477 3483 Arlebrrgensem
1506 3389 1541 3462 in
1574 3384 1609 3461 T
1604 3389 1723 3485 prosim
1751 3391 1874 3489 transt·

221 3504 321 3578 'tam
344 3501 514 3580 facillime
542 3527 803 3602 praeoccupare
827 3502 1004 3601 potuisset
1070 3501 1173 3577 Haec
1199 3501 1282 3578 belli
1311 3501 1409 3577 sama
1437 3503 1497 3582 vbi
1526 3503 1720 3605 superiores
1747 3529 1874 3607 penta·

249 3621 294 3697 fit
316 3621 502 3711 Ditiones,
541 3623 600 3698 alii
623 3625 710 3718 fuga
739 3624 778 3699 in
811 3622 1000 3699 Heluetium
1033 3619 1093 3697 libi
1120 3618 1393 3728 consuluerunt:
1433 3623 1494 3698 alli
1510 3627 1580 3725 uqui
1610 3627 1648 3703 in
1673 3624 1872 3730 Embstana,

254 3740 297 3817 V
291 3741 497 3842 eldiirclzmst
504 3798 514 3831 ,
552 3743 839 3845 Blumeaeggenst,
878 3743 1105 3819 Bludentiana
1132 3733 1338 3819 ultionibus
1368 3743 1468 3819 dorni
1496 3747 1720 3836 manserant,
1769 3750 1872 3846 pasta

216 3916 219 3921 ,
246 3861 403 3961 pecunia
430 3885 514 3938 cum
546 3862 674 3938 Suecis
706 3876 968 3958 transegerunt.
1038 3863 1123 3940 Arx
1145 3860 1384 3961 Neoburgenfis
1411 3874 1490 3941 tum
1516 3865 1629 3942 etiam
1654 3869 1690 3942 ln
1715 3867 1872 3947 bostium

247 4001 382 4058 manus
405 3982 592 4077 peruenit,
638 4006 731 4080 quae
759 3981 878 4080 pollea
908 3987 952 4059 ab
975 3980 1194 4080 Enkmsnrtio
1225 3979 1341 4056 multo
1380 3980 1501 4058 labore
1520 3990 1763 4084 recuperanda
1789 3989 1870 4066 snit.

246 4100 305 4185 Ea
331 4114 542 4200 recuperata
572 4101 686 4180 Siccis
713 4102 813 4180 libere
842 4100 933 4179 abire
956 4104 1070 4177 ducum
1094 4105 1217 4204 esi-erc.
1275 4100 1416 4176 Interea
1442 4106 1480 4181 dr
1503 4101 1705 4182 nuaram
1732 4131 1755 4184 a
1778 4110 1871 4186 Sue-

246 4222 302 4301 cis
327 4221 506 4320 Brigantii
530 4224 753 4299 morantibus
770 4233 957 4322 ‘tentatum
981 4221 1050 4307 est,
1081 4224 1119 4301 n
1142 4219 1323 4296 obsidione
1352 4218 1520 4298 cinttnm.
1569 4224 1646 4310 Qui
1664 4236 1787 4327 mmen
1814 4227 1870 4304 in·-
1963 4317 1967 4326 Ι

245 4341 379 4418 callum
412 4342 617 4417 laborantes
652 4343 690 4421 dr
716 4365 849 4438 magna
884 4343 1027 4417 suorum
1060 4340 1173 4437 strage
1206 4343 1244 4419 dr
1277 4337 1445 4417 linduuio
1474 4343 1513 4421 ἃ
1541 4341 1724 4444 Brigantio
1751 4348 1872 4425 abl'ce·

245 4465 333 4538 dere
350 4461 463 4540 contii
479 4462 569 4538 sunt
619 4460 689 4537 His
704 4484 844 4561 quoque
860 4461 1081 4560 temporibus
1100 4459 1356 4538 Mouallerium
1375 4456 1536 4563 langen,
1559 4463 1697 4542 ordinis
1719 4467 1756 4544 S.
1776 4466 1869 4544 Pau·

244 4580 273 4659 li
291 4581 496 4670 Eremitae,
519 4583 618 4681 quod
632 4581 719 4661 olim
734 4581 984 4682 ‘Praepofitura
997 4580 1145 4657 Ordinis
1163 4581 1202 4656 S·
1217 4581 1405 4663 Beneuen
1422 4581 1541 4663 fuerat
1555 4585 1620 4685 ⁹),
1645 4587 1871 4668 ⁰0me

1090 4701 1245 4800 Pppa
1804 4705 1865 4786 erc

282 4838 1233 4956 nnnmnnnnansramnacamn
1366 4944 1373 4953 x
1447 4875 1455 4889 ⁸
