4276 5670
872 399 1292 488 *ww
1498 327 1501 330 ,
1826 393 1895 477 ns
2048 330 2114 335 ,,

268 592 331 651 ma
346 518 643 651 eodemnrdine
668 571 756 648 sicut
781 571 946 648 hesterno
978 573 1028 649 est
1055 576 1212 668 agenda,
1252 596 1362 673 quam
1393 575 1432 652 dr
1455 570 1626 670 recitacio
1640 562 1715 646 Vn
1744 559 1894 660 psalmo·

268 715 350 770 aum
377 715 462 769 cum
486 693 623 769 letania
652 692 703 768 est
726 693 897 768 secutura.
960 692 999 766 In
1026 693 1183 788 capitulo
1213 695 1289 789 post
1316 691 1505 770 letiionem
1533 692 1570 766 in
1604 686 1730 784 primis
1762 683 1892 758 recita·
1994 724 2012 779 χ

269 823 330 889 tur
356 812 520 888 officium
535 814 594 888 'de
619 835 719 887 nona
743 812 919 908 prioribus
944 835 1007 906 per
1022 813 1188 886 ordinem
1217 816 1263 890 ad
1279 812 1352 888 1111
1370 812 1562 899 lestiones,
1588 809 1627 887 &
1656 804 1752 884 binis
1768 825 1810 877 ac
1837 801 1891 874 bi·

269 930 326 1006 nis
351 932 399 1007 ad
422 931 565 1006 cantica
588 931 738 1005 notatis.
790 931 874 1006 Duo
894 946 1039 1028 quoque
1061 932 1108 1005 ad
1136 931 1296 1025 alleluja,
1329 933 1403 1007 duo
1431 932 1478 1004 ad
1500 931 1654 1007 traftnm
1680 923 1903 1000 scribuntur.⁸
1966 993 1970 998 .

270 1048 416 1124 1111111111
438 1058 533 1125 eciam
558 1053 651 1122 obbas
678 1061 803 1124 minim
833 1057 872 1122 ad
893 1044 985 1144 inus
1000 1051 1169 1144 septimane
1188 1056 1341 1147 mon
1366 1047 1500 1147 maffom,
1535 1053 1572 1126 da
1594 1058 1634 1123 vt
1656 1040 1765 1144 semel
1793 1041 1893 1114 dica·

268 1178 342 1255 nn,
367 1167 544 1266 quociens
562 1165 633 1241 hoc
658 1169 762 1243 iitin
783 1192 897 1243 anno:
923 1168 963 1242 in
984 1171 1145 1243 ebdomada
1161 1192 1272 1266 qinono
1284 1169 1484 1268 omousio,
1509 1170 1660 1248 &indie
1682 1167 1779 1238 natali
1795 1161 1893 1234 dorri-

269 1294 317 1375 rd,
356 1288 397 1362 in
419 1287 550 1386 quibus
574 1299 699 1362 tamen
722 1287 819 1364 festis
847 1289 939 1364 aliua
969 1285 1133 1363 sacerdos
1164 1289 1320 1365 armario
1345 1285 1560 1383 injungente
1582 1287 1702 1367 vicem
1723 1281 1802 1379 eius
1826 1297 1893 1378 pei·
1978 1366 1981 1371 Q
2025 1375 2028 1387 x

271 1407 490 1506 omniaque
515 1406 1071 1503 ipsenonieceritestatimus
1099 1410 1139 1485 dc
1164 1416 1199 1485 in
1222 1408 1378 1502 refectorio
1407 1410 1624 1484 unitatem

361 1645 532 1722 Preterea
564 1645 604 1719 in
635 1649 866 1746 animorumque
890 1646 982 1749 festis
1013 1653 1146 1722 midaii
1177 1655 1285 1720 cordat
1315 1647 1451 1744 vesperos
1482 1647 1526 1734 δ’
1551 1653 1664 1720 nond.
1694 1640 1892 1735 innormare

271 1764 394 1865 niffen.
467 1767 566 1841 Ante
587 1766 738 1841 eosdem
770 1781 900 1845 matut.
933 1779 1057 1843 autem
1087 1771 1274 1861 maguam
1301 1770 1397 1860 ugit,
1434 1766 1473 1844 de
1503 1763 1624 1863 postea
1649 1784 1718 1838 non
1749 1760 1819 1833 dia
1850 1755 1892 1829 in

266 1884 419 1962 chorum
445 1885 559 1972 redit,
583 1884 643 1958 sed
669 1885 763 1960 infra
792 1910 948 1983 ymnum
971 1889 1066 1971 exit,
1107 1899 1149 1964 vt
1173 1901 1300 1980 cappam
1325 1885 1476 1970 induat,
1517 1885 1713 1963 &iterum
1738 1887 1825 1953 ante
1849 1872 1914 1949 11·1

241 2027 352 2093 ‘nem
378 2006 484 2101 ymni
506 2006 547 2079 in
578 2004 701 2079 iocum
722 2005 847 2095 inum,
884 2006 910 2080 11
938 2001 1150 2101 Araipdonan
1180 2001 1259 2082 vult
1289 2001 1495 2100 imponere,
1527 2001 1738 2087 reuertitur,
1775 1994 1891 2073 comi·

272 2134 367 2203 tante
390 2122 497 2202 11111111
519 2123 547 2197 si
572 2136 696 2200 tamen
718 2125 769 2200 est
791 2124 830 2203 in
857 2124 1053 2221 majoribus
1072 2123 1170 2200 festis
1194 2121 1266 2196 alio
1291 2123 1474 2200 sacerdote
1494 2145 1579 2202 cum
1600 2143 1707 2198 merra
1731 2116 1792 2216 ὕ).

253 2440 256 2444 ,
281 2407 284 2413 -
359 2361 445 2439 Post
469 2361 667 2460 capitulum
698 2363 854 2438 cantatis
880 2352 992 2440 ad¹S.
1019 2360 1273 2442 Mariam-VII.
1303 2361 1472 2460 psalmia,
1507 2344 1607 2438 Varia
1632 2381 1717 2449 naa,
1753 2356 1898 2435 renim

275 2479 305 2559 in
329 2481 529 2580 capitulum
557 2485 594 2560 dr
615 2481 752 2581 peraaffa
779 2488 883 2558 tono
907 2484 1016 2558 datur
1039 2481 1193 2558 licencia
1221 2485 1357 2578 uqondi
1377 2487 1414 2558 de
1438 2485 1564 2579 rasura:
1618 2483 1699 2566 Que
1729 2501 1815 2556 cum
1839 2477 1892 2555 est
1931 2488 1935 2497 '

276 2599 491 2699 incipienda,
527 2610 617 2698 prior
650 2625 762 2678 vnum
786 2603 943 2680 sonitum
971 2603 1059 2679 facit
1082 2623 1168 2678 cum
1191 2602 1332 2688 tabula,
1376 2604 1414 2682 dr
1443 2609 1526 2677 oder
1550 2606 1717 2677 rodendmi
1730 2602 1890 2697 smenon

276 2732 384 2797 iareim
401 2719 578 2810 limiam,
602 2743 717 2816 vsque
745 2725 835 2798 dum
861 2723 959 2798 circa
986 2724 1097 2799 finem
1126 2722 1243 2797 rasore
1261 2730 1350 2817 prior
1380 2721 1499 2797 dicat:
1524 2726 1694 2797 benedicite.
1751 2720 1888 2794 lterum

277 2841 340 2938 post
366 2841 428 2918 Vl.
451 2841 621 2919 iocantur
641 2843 771 2951 fratres
798 2849 831 2916 in
854 2843 991 2936 claustro.
1065 2843 1194 2918 Conco
1220 2847 1272 2935 mi
1298 2848 1332 2916 in
1363 2837 1495 2929 iacffdie
1524 2847 1563 2944 est
1592 2844 1803 2936 benedicendus
1832 2861 1888 2911 or·

278 2971 381 3037 mio
409 2960 546 3060 inscribit
571 2984 719 3055 Qvorvs
743 2982 867 3035 nnnvs
892 2981 952 3037 srr
975 2983 1164 3036 nonomine
1186 2981 1498 3060 monnnacronrs,
1532 2983 1662 3056 Qvorn
1689 2976 1893 3061 1111111110,Ι

279 3101 577 3168 concvnncnres,
616 3103 665 3154 en
694 3103 844 3155 nonore.
926 3079 1047 3183 facit·
1064 3100 1207 3178 quoque
1244 3078 1283 3153 in
1319 3102 1364 3153 eo
1397 3087 1523 3177 quinque
1559 3082 1720 3176 somma
1756 3077 1888 3176 quibua

278 3200 383 3297 postea
409 3199 582 3296 inprimat
609 3199 765 3276 totidem
789 3201 1012 3295 granatoris,
1045 3200 1108 3298 qui
1132 3204 1170 3291 dr
1194 3196 1313 3296 postea
1334 3209 1405 3273 oda
1425 3207 1526 3295 maiar
1554 3209 1653 3278 odore
1681 3199 1718 3275 in
1743 3219 1890 3294 compe·

279 3317 358 3394 tenti
379 3319 462 3392 loco
484 3317 535 3394 est
562 3302 770 3416 ponendus,
797 3318 954 3418 appofito
976 3319 1010 3393 ei
1037 3327 1174 3412 anologio
1200 3321 1302 3415 super
1328 3320 1426 3416 qnod
1449 3319 1500 3394 est
1527 3323 1748 3396 monendas.
1806 3315 1889 3394 Post
2037 3341 2040 3345 ·

280 3460 399 3513 nonam
430 3460 561 3512 omnes
593 3438 654 3535 qui
688 3440 734 3513 ad
760 3440 918 3515 officinm
948 3437 1046 3513 mdie
1076 3438 1199 3516 leduri
1230 3437 1287 3512 vei
1312 3438 1513 3526 cantaturi,
1554 3441 1634 3516 sunt
1657 3445 1736 3516 cibis
1767 3441 1888 3523 odedi,
2021 3494 2041 3508 n-

283 3559 465 3651 procedunt
500 3559 541 3630 od
566 3564 666 3663 13111111
696 3582 741 3632 eo
776 3560 903 3634 ordine
932 3583 1003 3656 qno
1037 3558 1135 3636 &in
1161 3559 1437 3654 precedentibus
1463 3559 1603 3645 diebus,
1636 3560 1827 3657 statimque
1849 3560 1891 3632 ad

284 3679 622 3890 amazone
652 3680 759 3755 abian
794 3702 888 3823 nnuc
917 3700 1043 3758 cereus
1083 3677 1131 3754 de
1159 3677 1232 3773 illis
1261 3679 1421 3778 quinque
1453 3679 1518 3779 qui
1546 3692 1634 3756 ante
1662 3679 1773 3756 altare
1805 3679 1888 3754 sunt
2000 3726 2004 3732 -

359 4012 546 4090 Diaconos
575 4012 852 4092 ebdomadarius
881 4015 927 4092 ad
948 4012 1175 4121 induendum
1206 4013 1397 4095 stolam&
1423 4013 1657 4094 dalmaticam
1688 4013 1726 4088 in
1753 4012 1889 4090 minori

289 4127 377 4232 thoro
401 4146 626 4216 aconuentu
648 4130 799 4218 secedit,
824 4157 982 4234 moxque
1002 4137 1164 4213 reuersus
1187 4136 1318 4212 ibrum
1345 4137 1510 4233 analogio
1534 4136 1766 4233 superponit,·
1784 4134 1888 4209 dein·

289 4249 325 4324 de
339 4256 370 4327 de
385 4252 510 4359 masam
536 4260 648 4326 ianoe
679 4258 827 4338 maiorem
847 4282 963 4332 aaron
994 4261 1147 4344 accendit,
1172 4256 1379 4353 &accepta
1400 4240 1650 4349 benedidione
1678 4252 1784 4333 senui
1805 4265 1888 4328 tan·

289 4376 349 4447 tum
367 4383 492 4447 contra
521 4372 726 4467 analogium
749 4372 929 4452 inclinans
949 4379 1067 4451 ioudann
1088 4379 1217 4473 nmina
1238 4383 1315 4451 cerei
1336 4384 1454 4476 incipit.
1512 4377 1608 4451 Cum
1634 4376 1785 4450 ‘ventum
1807 4373 1888 4448 fue·

290 4486 326 4562 rit
343 4494 383 4567 ad
404 4491 503 4566 hunc
523 4491 655 4567 locum.
706 4494 827 4591 Suscipe
840 4497 946 4592 strande
960 4507 1053 4593 pater
1076 4493 1187 4586 irumfi
1210 4489 1319 4590 injus,
1351 4506 1541 4593 precentor
1567 4496 1607 4569 in
1632 4517 1678 4568 eo
1699 4489 1887 4568 foramini·

290 4603 338 4683 inu
359 4621 440 4686 ante
468 4611 673 4708 precauatis
696 4633 814 4689 rrucnn
837 4614 926 4691 facit
952 4638 1036 4693 cum
1059 4615 1204 4714 prediiiis
1224 4623 1335 4712 graiis
1361 4614 1479 4708 incofi.
1536 4616 1675 4690 Oranus
1708 4624 1740 4690 ie
1767 4617 1885 4690 mninc

1091 4735 1169 4829 Qa
1349 4798 1354 4805 .
1841 4745 1883 4812 oc

318 4894 346 4978 ³)
365 4895 404 4967 td
420 4880 544 4987 estium
563 4892 707 4984 vasaque
727 4893 914 4988 offendantur
932 4902 1021 4971 aricee
1039 4899 1177 4987 marm,
1202 4903 1386 4979 nauiculam
1405 4900 1488 4975 iudo
1507 4900 1640 4994 dicium
