4276 5670
687 382 1107 476 eodm*
1307 412 1316 429 f
1527 381 1533 389 ’
1635 395 1704 477 top

74 560 131 638 eii
150 560 327 637 iteranda
417 558 458 633 Si
488 557 558 632 hec
584 558 707 655 vigilia
730 560 805 657 post
834 560 984 635 inicium
1029 557 1341 659 quadragefimaiis
1382 556 1510 655 jeiunii
1545 555 1704 643 venerit.
1834 604 1863 645 ,-

72 684 219 757 menno
246 681 329 776 ejus
356 700 442 753 cum
473 679 642 753 oracione
671 702 743 756 vna
765 680 845 755 erit.
894 681 936 754 Si
960 682 997 755 in
1014 682 1136 777 atiquo
1160 681 1340 765 Sabbato,
1366 684 1409 754 ibi
1426 683 1620 774 jejunetur,
1644 679 1704 755 sed

73 797 208 875 festum
234 799 274 874 in
302 799 432 876 feriam
451 797 495 871 II.
522 797 760 885 differuimus,
792 798 857 873 nifi
887 798 929 874 fit
955 799 1138 875 dominica
1165 797 1400 894 sexagefime;
1439 800 1478 873 In
1503 796 1576 894 ipsa
1604 796 1705 872 enim

64 918 265 1001 ‚dominica
288 920 388 994 idern
414 917 544 994 festum
569 915 599 990 fi
626 919 767 1001 euenit,
810 918 945 994 ibidem
965 925 1093 1014 pleniter
1123 923 1322 1005 celebramus,
1360 919 1459 1018 quod
1486 940 1558 990 non
1590 914 1705 1013 impe·
1819 960 1822 965 -
1906 965 1916 977 ·

73 1039 179 1114 ditm
200 1039 246 1113 ab
268 1037 446 1132 hystoria:
480 1038 519 1108 In
536 1045 684 1133 principio
705 1041 863 1122 dunimuc
888 1038 973 1135 quia
997 1046 1030 1111 in
1045 1043 1216 1134 precedenti
1240 1042 1389 1112 domicum
1411 1061 1477 1110 eum
1499 1042 1704 1112 emundetur.
1823 1032 1831 1045 '

73 1157 182 1233 idem
204 1168 328 1232 autem
351 1156 480 1232 festum
505 1153 530 1229 sr
559 1155 598 1230 in
627 1168 734 1253 caput
762 1155 890 1251 jejunii
916 1158 1092 1241 occurrit,
1131 1158 1170 1231 iu
1205 1156 1333 1234 feriam
1371 1155 1538 1256 quintam
1574 1152 1705 1232 differi·

74 1298 181 1389 mus,
210 1277 272 1352 sed
297 1283 407 1374 rr'gr‘de
431 1273 569 1368 deferta
590 1283 687 1350 tercia
708 1275 836 1371 agitur.
885 1319 936 1332 -
982 1315 1032 1332 -

276 1539 375 1624 IN·
412 1535 907 1625 NATIVITATE
963 1541 1005 1624 S.
1060 1538 1506 1627 BENuulctu

100 1748 105 1823 ’.
174 1791 225 1804 -
272 1790 323 1804 -
371 1790 421 1843 ·.·
470 1748 612 1823 Seuorde
643 1750 763 1842 uespere
795 1747 884 1823 srcut
919 1751 957 1827 dc
989 1750 1142 1825 secunda
1178 1755 1422 1824 mummiccr'onr's
1455 1745 1626 1824 commu
1664 1747 1705 1822 in

77 1867 203 1966 aliquo
228 1867 367 1943 sabbato
393 1880 466 1941 arde
483 1867 638 1965 puffmccm
662 1869 802 1944 domini
830 1868 985 1942 occurrit
1011 1892 1058 1941 ex
1080 1869 1220 1962 integro
1240 1868 1320 1968 sesto
1348 1867 1533 1953 tribuitur,
1568 1866 1705 1943 fivero

77 1987 119 2062 iu
146 1987 289 2062 sabbato
320 1986 503 2063 dominice
525 1986 664 2085 putonii
696 1986 753 2061 vel
775 1992 970 2084 pomarum,
998 1989 1128 2084 psalmo
1153 1997 1275 2059 turdum
1300 1982 1404 2068 iubet,
1443 1986 1467 2059 fi
1496 1998 1619 2061 autem
1645 2009 1706 2061 ea·

79 2106 170 2181 dem
196 2107 255 2181 die
279 2105 365 2180 festa
393 2106 432 2180 in
464 2129 555 2180 cena
581 2105 723 2181 domini
753 2105 809 2180 vel
838 2104 956 2202 postea
978 2106 1185 2192 euenerint‚
1223 2114 1257 2180 in
1282 2107 1331 2177 die
1353 2107 1454 2178 οᾶωω
1477 2114 1704 2202 murionum.

78 2237 236 2322 excepto
261 2225 360 2322 quod
387 2233 586 2300 mammon
615 2224 809 2321 domiuidr
842 2233 875 2298 in
897 2227 959 2320 ipsa
978 2226 1089 2322 sonito
1112 2226 1335 2320 reficeretur&
1359 2227 1509 2298 munden
1532 2226 1705 2312 occurrit,

78 2352 118 2420 iu
131 2344 222 2436 serio
246 2345 293 2417 ΙΙ.
315 2347 379 2445 post
397 2351 517 2442 primm
540 2342 748 2420 celebratur.
830 2346 984 2429 Quando
1010 2355 1133 2418 autem
1155 2341 1283 2418 festum
1308 2345 1347 2420 S.
1371 2345 1526 2418 Beuedittr'
1550 2342 1590 2417 iu
1616 2342 1706 2419 feria

78 2463 124 2540 ll.
149 2462 209 2537 vei
233 2462 289 2537 lli.
319 2466 384 2564 post
408 2469 531 2560 potuer
560 2463 745 2547 euenerit,
785 2463 1024 2540 annunciacio
1058 2461 1241 2539 dominica
1274 2460 1390 2560 ipsum
1427 2461 1540 2538 etiam
1573 2461 1704 2542 festum

79 2580 330 2681 preueuiendo
354 2585 459 2657 curua
473 2582 537 2680 sue
561 2585 609 2658 die
634 2597 674 2660 vt
698 2585 898 2681 preditium
922 2583 972 2659 est
997 2592 1197 2680 anticipatur.

447 2867 541 2952 IN
595 2868 1345 2955 SEPTVAGESIMA.

178 3119 230 3136 -
278 3120 328 3134 -
376 3119 426 3133 -
476 3077 740 3177 Quodcumque
765 3078 892 3156 festum
917 3079 1108 3157 >dunen
1134 3077 1288 3153 abhinc
1312 3100 1426 3176 usque
1451 3077 1490 3152 in
1515 3077 1644 3176 pascha
1666 3077 1705 3155 iu

86 3182 247 3296 qualibet
269 3197 456 3274 dominica
478 3197 691 3284 occurrerit,
716 3197 753 3272 iu
780 3199 908 3275 seriam
931 3200 972 3275 ll.
997 3197 1217 3283 differimus,
1251 3199 1389 3296 absque
1414 3193 1572 3271 Katludra
1596 3199 1631 3272 S.
1653 3215 1707 3295 pe·

90 3326 142 3392 trt
212 3318 294 3402 Que
318 3315 344 3392 d
367 3318 406 3392 in
430 3314 551 3414 aliqua
580 3314 691 3391 hauan
713 3325 811 3393 trium
833 3321 1050 3394 demonem
1072 3317 1228 3393 occurrit
1248 3341 1330 3392 eam
1355 3327 1389 3392 tn
1406 3322 1535 3413 subbato
1559 3325 1708 3415 anticipo-

93 3460 166 3511 eus.
217 3435 407 3533 Excipitur
429 3437 547 3511 eciam
565 3437 680 3536 festum
712 3438 747 3511 S.
778 3434 904 3511 Merite
926 3437 951 3511 ir
976 3440 1013 3512 iu
1040 3441 1188 3513 domuum
1213 3438 1293 3511 LX.
1326 3439 1492 3513 occurrit.
1561 3438 1708 3537 Excipi·

94 3564 150 3630 tur
170 3579 313 3653 quoque
330 3553 504 3652 purificatio
535 3557 571 3629 S.
600 3557 719 3631 Maru.
785 3560 865 3642 Que
897 3557 969 3631 sola
1000 3555 1172 3631 iestiuitas
1201 3556 1226 3628 s1
1254 3557 1293 3629 in
1320 3556 1391 3630 hoc
1417 3554 1556 3632 sabbato
1584 3557 1641 3635 vel
1668 3559 1708 3636 in

96 3673 160 3748 hac
181 3673 364 3750 dominica
391 3673 573 3759 eumont,
599 3674 675 3772 post
697 3678 902 3767 benedicamus
926 3673 1197 3772 Antiphonem,
1227 3698 1356 3770 ymnum
1378 3687 1499 3750 coerce
1530 3674 1710 3774 subjungi·

101 3813 186 3892 mnu
233 3793 429 3878 Quodlibet
450 3817 537 3870 vero
561 3793 659 3871 aliud
680 3795 807 3871 festum
831 3795 905 3871 XIL
927 3795 1025 3872 Len.
1056 3794 1093 3869 in
1110 3794 1182 3868 hoc
1206 3793 1366 3869 sabbato
1394 3817 1587 3871 occurrens
1608 3796 1646 3872 in
1667 3797 1710 3877 u
1842 3872 1846 3877 .

103 3910 233 4009 vespera
254 3912 407 4011 psalmos
427 3923 573 3988 tantum
598 3913 637 3989 dc
655 3915 906 4012 Antiphonem
930 3915 1006 4010 post
1027 3913 1284 3989 benedicamus
1307 3913 1452 4010 recipit:
1479 3916 1540 4000 sed
1564 3927 1709 3994 tautum
1778 3986 1782 3990 .

107 4025 270 4107 unaue
295 4034 393 4116 &iu
416 4048 511 4130 eoppa
526 4030 735 4107 incensatur.
759 4076 808 4090 -
833 4077 882 4091 -
906 4035 980 4109 Hic
1002 4038 1075 4108 uter
1092 4031 1205 4127 geueſss
1221 4030 1365 4128 incipit,
1393 4033 1452 4108 sed
1466 4041 1609 4131 prologus
1629 4034 1709 4130 ejus
1864 4124 1868 4132 ⁵

110 4144 140 4220 iu
161 4149 308 4242 refectum
325 4162 471 4227 tantum
491 4150 629 4245 legitur.
680 4151 761 4226 Hec
786 4165 910 4230 autem
931 4153 1129 4228 vicissitudo
1149 4151 1321 4248 deinceps
1336 4174 1398 4248 per
1423 4163 1543 4230 totum
1565 4156 1709 4228 Otirteu·

113 4267 205 4343 cuusr
226 4267 439 4368 fieri'poteff
451 4271 673 4354 obseruatur,
700 4283 740 4345 vt
760 4274 818 4348 vbi
843 4272 952 4347 suerit
968 4279 1116 4346 cenninus
1136 4275 1267 4345 numus
1286 4278 1319 4345 in
1339 4271 1455 4364 ecclesie
1471 4277 1558 4356 rene,
1584 4273 1633 4349 ibi
1648 4281 1709 4348 irri-

115 4391 178 4459 ruo
190 4387 251 4482 fiac
273 4398 308 4465 in
329 4389 484 4485 rep'ettorto
506 4393 634 4484 legende.
684 4390 724 4464 ln
747 4390 849 4465 libris
872 4404 996 4469 tamen
1019 4390 1288 4486 posterioribus,
1330 4391 1428 4487 quod
1452 4414 1580 4487 parurn
1601 4390 1710 4468 histo·

116 4503 189 4583 tiam
202 4508 327 4584 sonans
341 4509 514 4593 occurrit.
529 4507 627 4599 ,ficut
646 4511 684 4585 in
707 4509 797 4586 libro
813 4517 949 4594 mucci,
982 4509 1021 4585 dc
1046 4511 1083 4585 in
1106 4513 1293 4584 currunt
1314 4508 1506 4602 nostibus,
1547 4513 1585 4589 dc
1608 4511 1647 4586 in
1669 4517 1711 4589 ie·
1802 4564 1808 4571 -

118 4628 240 4703 uuio
268 4627 416 4705 ecclefia
442 4652 516 4703 non
543 4628 708 4729 legimus.
757 4630 821 4705 Ad
845 4629 1072 4708 refetiorium
1100 4651 1186 4704 vero
1207 4623 1285 4702 uelut
1309 4632 1346 4701 de
1371 4633 1509 4705 emutiur
1522 4630 1710 4728 supsdimen
1838 4672 1840 4678 ·

119 4746 255 4844 exceptis
281 4747 356 4826 hiis
379 4749 427 4826 de
455 4747 587 4848 quibus
612 4749 747 4827 infirmi
772 4750 955 4827 auditores
981 4749 1101 4824 minus
1125 4746 1326 4845 proficiunt.
1778 4812 1783 4819 .

974 4868 1006 4943 0
1031 4891 1054 4944 2
1126 4946 1129 4950 ,
1532 4865 1565 4946 F
1572 4864 1715 4951 ERIA
