4276 5670
258 393 303 483 aa
328 347 338 385 '⁷
713 409 719 415 ·
865 312 1286 465 romanoe

240 549 344 631 'runt
360 493 552 646 Anonymi
578 549 626 626 ae
645 544 798 625 auem
866 545 960 643 ejus
974 604 976 608 .
989 546 1252 646 epithaphium
1279 573 1327 625 ex
1351 547 1569 627 monasterio
1596 549 1890 648 vangadiciense,

252 669 323 753 'vbi
339 668 536 769 sepulcrum
556 667 707 768 meruit,
733 664 1031 762 nobisISeruauit
1053 669 1275 747 Muratorius
1302 669 1407 747 Tom.
1421 669 1480 746 IV.
1507 668 1659 770 Antiqq.
1678 672 1789 749 Italic
1811 671 1892 749 Dis·

264 792 341 894 sert.
354 882 358 891 ¹
365 810 424 881 51.
455 809 537 887 pag.
552 793 639 885 oop.
707 785 889 876 Marmore,
930 786 1066 885 inquit,
1106 789 1248 887 irffcripcc
1267 805 1332 863 mot
1365 791 1522 867 Memoria
1540 793 1735 886 &curandis
1766 795 1810 866 iii
1836 792 1891 888 fc·

107 945 110 949 ·
256 915 381 1006 pairac,
408 933 517 1004 mom,
542 909 655 1004 nescio,
680 910 786 1005 quibas
799 911 910 982 tabuiis
921 907 1028 1005 frctus
1051 908 1178 982 amice
1197 910 1336 1007 Scripror
1357 912 1484 1006 opero„
1503 912 1598 986 Arum
1617 911 1773 985 MLVII.
1792 908 1891 999 finem

261 1030 386 1105 murrii
408 1024 523 1129 suisli.
564 1045 567 1049 ’
590 1025 819 1122 ‚Muratorius
851 1024 1001 1110 omnino
1033 1024 1155 1104 censet
1179 1027 1443 1127 cumprimum
1479 1031 1577 1106 circa
1596 1030 1749 1109 Annum
1769 1024 1904 1117 MLX,

264 1147 484 1292 Supremam
510 1145 631 1224 obiiffe
648 1146 770 1223 Diem.

104 1381 112 1395 ’
273 1428 292 1495 .'
361 1410 415 1462 10.
443 1385 509 1463 Hir
523 1386 665 1488 Liberis,
692 1384 734 1463 dc
755 1385 830 1461 Viro
849 1384 1029 1473 defundis
1044 1386 1113 1482 scic
1136 1383 1311 1484 superstes
1332 1385 1403 1462 suit
1423 1385 1543 1473 Inice,
1569 1384 1800 1489 irmengardis,
1826 1385 1887 1463 seu

259 1495 461 1599 Irmcmrudis
481 1507 528 1582 de
545 1481 731 1611 Giizberg,
756 1505 795 1579 id
820 1505 870 1578 est
892 1504 1120 1602 Lucemburg
1144 1501 1234 1580 Filia
1258 1505 1406 1581 Friderici
1426 1505 1543 1590 Ducis,
1570 1506 1616 1580 ad
1642 1530 1786 1605 quam
1775 1530 1887 1583 omne

49 1614 55 1623 ’
152 1618 155 1623 ’
197 1651 204 1665 ’
255 1625 525 1731 Patrimonium
548 1624 753 1733 Gueificum
776 1623 989 1700 deuolutum
1008 1623 1078 1712 cst,
1113 1627 1151 1703 dt
1181 1623 1241 1700 cui
1272 1623 1536 1702 diuturniorem
1568 1625 1693 1703 Vitam
1722 1637 1888 1724 precatur

257 1746 415 1846 scriptor.
471 1744 596 1841 Itaque
618 1742 805 1820 dubium
792 1765 868 1838 pam
895 1742 1035 1855 nullum
1064 1743 1235 1840 superesse
1262 1743 1395 1839 potest,
1428 1743 1542 1821 vitam
1569 1744 1607 1820 S.
1629 1734 1777 1822 artonis
1811 1770 1902 1843 ιιοιι,

208 1972 211 1976 Δ
256 1867 302 1967 ab
324 1865 524 1961 Anonymo
546 1866 645 1938 Seruii
663 1864 788 1950 decimi,
811 1860 934 1938 minus
950 1850 1042 1946 norit
1066 1864 1126 1939 sed
1138 1862 1215 1961 post
1228 1861 1350 1939 Seculi
1364 1863 1422 1941 xi
1442 1863 1625 1952 medium,
1650 1863 1793 1941 circiter
1806 1865 1886 1953 nn·

254 2009 346 2093 num
366 1985 483 2060 MLX.
505 1982 742 2078 conscriptam
767 1981 877 2059 suisie.
952 1983 1168 2071 Enimvero,
1198 1995 1240 2062 vt
1270 1981 1556 2061 demonstratum
1581 1983 1649 2072 est,
1688 1984 1883 2072 Personae,

71 2084 75 2095 „
97 2195 100 2199 .
255 2125 407 2206 quarum
424 2102 612 2190 meminit,
635 2100 773 2176 saeculo
788 2100 937 2177 demum
951 2100 1013 2178 XI.
1035 2101 1159 2181 vixere
1188 2103 1229 2207 ¹dc
1247 2100 1386 2188 obiere,
1421 2101 1568 2201 scriptor
1592 2115 1716 2187 autem
1742 2093 1904 2193 duobua

253 2246 365 2325 prope
384 2221 532 2300 saeculis
552 2220 577 2296 si
600 2221 701 2321 prius
723 2219 878 2308 vixisset,
900 2217 1031 2297 harum
1061 2220 1186 2320 vtique
1212 2245 1271 2299 res
1300 2221 1415 2318 gestas
1447 2223 1669 2303 conscribere
1695 2223 1795 2301 nulia
1826 2250 1885 2302 ra-

254 2344 356 2420 tione
376 2341 551 2443 quiuisset
600 2342 726 2425 Quum
746 2339 857 2434 igitur
879 2333 992 2417 etiam
1023 2364 1068 2416 eo
1104 2339 1223 2432 adhuc
1248 2352 1411 2440 tempore
1436 2343 1584 2441 praesenti
1613 2349 1681 2418 uiro
1706 2343 1883 2439 poriossst

254 2463 425 2542 Heinricus
455 2461 581 2546 Aroes,
616 2471 717 2535 certo
743 2457 878 2534 certius
898 2458 950 2534 est
973 2462 1010 2541 dc
1030 2460 1143 2558 ipsum
1171 2460 1247 2559 post
1280 2459 1445 2537 medium
1474 2461 1653 2550 saeculum
1673 2461 1737 2551 XL
1761 2463 1884 2540 adhuc
1930 2535 1935 2546 .

255 2581 398 2670 vixisse,
422 2578 487 2681 qui
508 2591 633 2656 tamen
655 2579 692 2653 sn
713 2576 854 2654 cineres
869 2578 985 2677 redigi
1005 2580 1097 2656 haut
1117 2577 1257 2658 dubie
1241 2601 1319 2674 Jam
1333 2579 1473 2677 pridem
1493 2581 1681 2670 debuisset,
1703 2581 1748 2668 so,
1780 2583 1891 2682 quod.

255 2702 336 2815 ruit
357 2699 578 2789 Bucelinus,
606 2696 681 2794 jam
706 2699 1096 2799 annumeremus.
1124 2697 1280 2779 Astorfio
1307 2699 1740 2797 cumsuisinmigrasset.
1804 2702 1883 2831 Sed

248 2823 297 2902 dc
323 2821 396 2904 hoc
416 2818 582 2927 infra.-

989 3044 1030 3163 p.
1086 3050 1134 3134 ιι.

368 3231 431 3321 Dc
478 3228 695 3318 Fundationc
744 3228 916 3315 cern
901 3257 940 3314 m
986 3238 1227 3343 Amorergcu,
1246 3192 1247 3196 Ν
1289 3228 1343 3324 &⁹
1381 3231 1479 3346 Ιῇιιι
1520 3235 1652 3322 Vrionc
1685 3232 1798 3320 corr
1892 3300 1907 3320 ..
1958 3186 1965 3283 ἶ

271 3368 276 3377 ’
777 3335 1122 3482 Aitornonostcrieafi
1179 3369 1352 3503 coenobio.

272 3627 278 3638 ,
348 3574 379 3629 ι.
405 3551 642 3650 Praeponitur
665 3552 868 3648 Anonymo
892 3549 939 3624 de
964 3549 1104 3625 Guelfis
1122 3550 1231 3624 Arbor
1246 3551 1453 3646 goocuguc,
1485 3546 1523 3623 in
1545 3573 1617 3648 qua
1633 3506 1702 3625 suis
1721 3550 1877 3651 quisque

177 3703 183 3713 ·
251 3668 390 3748 cellulis
411 3671 543 3767 affabre
566 3670 705 3749 effitius
711 3667 925 3769 Antiquam
946 3692 1059 3746 manu
1083 3667 1224 3757 visatur,
1249 3670 1360 3765 hujus
1388 3667 1509 3766 gentis
1531 3668 1696 3758 surculis,
1718 3668 1877 3767 pierum-

249 3813 322 3888 que
349 3790 531 3866 foeminae
553 3793 693 3869 onres
720 3790 825 3867 simul
851 3789 964 3888 pictae
994 3789 1174 3865 adsistunt.
1232 3790 1475 3866 Addideris
1505 3791 1672 3883 irrugircm
1699 3789 1791 3873 haec
1812 3792 1877 3871 ad·

248 3909 378 4007 scripta
399 3908 518 4006 legere
534 3911 607 4011 esi:
646 3915 685 3984 cir
700 3917 752 3985 ior
774 3917 848 4006 cepit
871 3907 1056 4001 Airorfcnstr
1091 3909 1229 3984 Aaron
1263 3917 1296 3983 in
1329 3909 1516 4002 Amicrgoc.
1577 3912 1657 3992 Qua
1690 3908 1875 3989 occasione

249 4029 439 4107 conditum
458 4029 531 4105 iiiic
554 4028 788 4106 Domicilium
813 4028 1078 4105 Monachorum
1107 4027 1167 4115 s1t,
1202 4040 1324 4102 narrat
1345 4028 1569 4125 Anonymus
1586 4026 1875 4124 weingartenfis
1955 4109 1958 4112 ,

248 4172 325 4249 cap.
351 4175 385 4246 3.
435 4151 571 4241 „Erato
595 4192 645 4208 -
677 4191 727 4206 -
755 4130 884 4244 ¹genuit
909 4146 1023 4221 silium
1050 4146 1233 4221 sscinricum
1263 4146 1432 4221 Nomine.
1495 4145 1568 4222 Hic
1590 4147 1714 4244 itaque
1741 4149 1876 4228 Henri·

248 4293 345 4360 „cus
366 4293 450 4347 cum
473 4270 520 4345 ad
545 4269 719 4346 militares
744 4269 876 4344 Annos
897 4264 1127 4365 peruenisset,
1165 4266 1203 4342 δι
1230 4264 1312 4339 suae
1341 4265 1538 4342 voluntatis
1571 4289 1722 4363 compos
1749 4269 1872 4360 tieret,
1941 4254 1945 4259 ⁵

247 4388 469 4488 „ignorante
491 4391 598 4466 Patre
619 4390 666 4464 ad
689 4390 948 4485 Imperatorem
970 4385 1004 4459 se
1023 4384 1195 4471 contulit,
1224 4408 1380 4483 cumque
1400 4384 1451 4459 ilii
1473 4386 1611 4463 summa
1627 4387 1873 4477 familiaritate

250 4565 270 4599 ,‚
282 4511 495 4599 sociaretur,
528 4513 565 4588 dr
595 4509 707 4584 totius
735 4506 879 4606 Imperii
905 4504 1021 4593 vires,
1053 4504 1229 4579 terminos
1257 4506 1337 4598 ejus
1358 4505 1617 4582 circumeundo
1645 4509 1683 4585 dr
1710 4519 1874 4606 pertran-

250 4631 401 4721 „srendo
426 4630 673 4724 cognosceret,
698 4627 804 4722 ipsus
824 4624 1053 4723 Imperatoris
1081 4623 1248 4702 Instiniiu
1273 4622 1479 4700 hominium
1501 4625 1536 4699 ei
1558 4626 1596 4701 dc
1616 4626 1873 4721 subjesiionem

246 4751 383 4842 „secit,
415 4751 454 4829 dc
476 4751 516 4828 in
542 4749 718 4828 beneficio
735 4745 806 4824 ΗΠ.
831 4744 933 4824 milia
952 4745 1144 4825 mansuum
1164 4744 1203 4822 in
1227 4743 1463 4853 superioribus
1490 4744 1654 4828 Partibus
1677 4745 1877 4846 Bojoariae

1790 4871 1911 4962 nab.
