<?xml version="1.0" encoding="UTF-8"?>
<!DOCTYPE html PUBLIC "-//W3C//DTD XHTML 1.0 Transitional//EN"
    "http://www.w3.org/TR/xhtml1/DTD/xhtml1-transitional.dtd">
<html xmlns="http://www.w3.org/1999/xhtml" xml:lang="en" lang="en">
 <head>
  <title>
</title>
<meta http-equiv="Content-Type" content="text/html;charset=utf-8" />
  <meta name='ocr-system' content='tesseract 3.04.00' />
  <meta name='ocr-capabilities' content='ocr_page ocr_carea ocr_par ocr_line ocrx_word'/>
</head>
<body>
  <div class='ocr_page' id='page_1' title='image "./prodromusmonume00hessgoog_0250.png"; bbox 0 0 4276 5670; ppageno 0'>
   <div class='ocr_carea' id='block_1_1' title="bbox 731 395 1754 488">
    <p class='ocr_par' dir='ltr' id='par_1_1' title="bbox 731 395 1754 488">
     <span class='ocr_line' id='line_1_1' title="bbox 731 395 1754 488; baseline 0.003 -3"><span class='ocrx_word' id='word_1_1' title='bbox 731 395 1151 486; x_wconf 50' lang='lat' dir='ltr'>ww&amp;</span> <span class='ocrx_word' id='word_1_2' title='bbox 1679 412 1754 488; x_wconf 70' lang='lat'>²20</span> 
     </span>
    </p>
   </div>
   <div class='ocr_carea' id='block_1_2' title="bbox 42 564 1863 2802">
    <p class='ocr_par' dir='ltr' id='par_1_2' title="bbox 42 564 1863 2802">
     <span class='ocr_line' id='line_1_2' title="bbox 133 564 1863 681; baseline -0.002 -30"><span class='ocrx_word' id='word_1_3' title='bbox 133 569 187 651; x_wconf 84' lang='lat' dir='ltr'>rir</span> <span class='ocrx_word' id='word_1_4' title='bbox 209 569 374 669; x_wconf 66' lang='lat' dir='ltr'>finpuari</span> <span class='ocrx_word' id='word_1_5' title='bbox 387 569 596 668; x_wconf 87' lang='lat' dir='ltr'>pmdentia,</span> <span class='ocrx_word' id='word_1_6' title='bbox 624 573 720 681; x_wconf 21' lang='lat' dir='ltr'>dum*</span> <span class='ocrx_word' id='word_1_7' title='bbox 737 572 893 655; x_wconf 85' lang='lat' dir='ltr'>uiueret,</span> <span class='ocrx_word' id='word_1_8' title='bbox 920 595 964 645; x_wconf 88' lang='lat' dir='ltr'>ac</span> <span class='ocrx_word' id='word_1_9' title='bbox 986 572 1023 645; x_wconf 91' lang='lat' dir='ltr'>in</span> <span class='ocrx_word' id='word_1_10' title='bbox 1051 569 1152 646; x_wconf 90' lang='lat' dir='ltr'>omni</span> <span class='ocrx_word' id='word_1_11' title='bbox 1166 591 1286 646; x_wconf 89' lang='lat' dir='ltr'>rernm</span> <span class='ocrx_word' id='word_1_12' title='bbox 1305 568 1514 664; x_wconf 80' lang='lat' dir='ltr'>cognitione</span> <span class='ocrx_word' id='word_1_13' title='bbox 1532 570 1751 668; x_wconf 72' lang='lat' dir='ltr'>precellens,</span> <span class='ocrx_word' id='word_1_14' title='bbox 1856 564 1863 571; x_wconf 65' lang='grc'><strong>“</strong></span> 
     </span>
     <span class='ocr_line' id='line_1_3' title="bbox 131 687 1755 788; baseline 0.001 -23"><span class='ocrx_word' id='word_1_15' title='bbox 131 695 210 787; x_wconf 75' lang='lat' dir='ltr'>epar</span> <span class='ocrx_word' id='word_1_16' title='bbox 231 703 395 786; x_wconf 69' lang='lat' dir='ltr'>urnam</span> <span class='ocrx_word' id='word_1_17' title='bbox 417 691 629 788; x_wconf 68' lang='lat' dir='ltr'>dapum</span> <span class='ocrx_word' id='word_1_18' title='bbox 654 692 714 767; x_wconf 89' lang='lat' dir='ltr'>sua</span> <span class='ocrx_word' id='word_1_19' title='bbox 743 691 933 774; x_wconf 84' lang='lat' dir='ltr'>industria,</span> <span class='ocrx_word' id='word_1_20' title='bbox 976 691 1124 783; x_wconf 79' lang='lat' dir='ltr'>syncera</span> <span class='ocrx_word' id='word_1_21' title='bbox 1152 688 1206 763; x_wconf 86' lang='lat' dir='ltr'>ita</span> <span class='ocrx_word' id='word_1_22' title='bbox 1223 688 1279 764; x_wconf 73' lang='grc' dir='ltr'>’ἂ</span> <span class='ocrx_word' id='word_1_23' title='bbox 1311 687 1452 784; x_wconf 83' lang='lat' dir='ltr'>integra</span> <span class='ocrx_word' id='word_1_24' title='bbox 1480 688 1553 763; x_wconf 86' lang='lat' dir='ltr'>fide</span> <span class='ocrx_word' id='word_1_25' title='bbox 1581 691 1755 786; x_wconf 79' lang='lat' dir='ltr'>indeptm</span> 
     </span>
     <span class='ocr_line' id='line_1_4' title="bbox 131 805 1753 906; baseline -0.001 -23"><span class='ocrx_word' id='word_1_26' title='bbox 131 805 182 883; x_wconf 70' lang='lat' dir='ltr'>fit„</span> <span class='ocrx_word' id='word_1_27' title='bbox 233 808 328 884; x_wconf 81' lang='lat' dir='ltr'>Tum</span> <span class='ocrx_word' id='word_1_28' title='bbox 351 813 399 886; x_wconf 88' lang='lat' dir='ltr'>ob</span> <span class='ocrx_word' id='word_1_29' title='bbox 418 833 479 884; x_wconf 80' lang='lat' dir='ltr'>rea</span> <span class='ocrx_word' id='word_1_30' title='bbox 503 809 604 887; x_wconf 91' lang='lat' dir='ltr'>domi</span> <span class='ocrx_word' id='word_1_31' title='bbox 635 809 924 906; x_wconf 84' lang='lat' dir='ltr'>militiaeque&amp;</span> <span class='ocrx_word' id='word_1_32' title='bbox 950 810 1145 904; x_wconf 81' lang='lat' dir='ltr'>prudenter</span> <span class='ocrx_word' id='word_1_33' title='bbox 1172 811 1210 903; x_wconf 74' lang='lat' dir='ltr'>dr</span> <span class='ocrx_word' id='word_1_34' title='bbox 1236 806 1377 882; x_wconf 84' lang='lat' dir='ltr'>fortiter</span> <span class='ocrx_word' id='word_1_35' title='bbox 1397 809 1513 903; x_wconf 73' lang='lat' dir='ltr'>gestas</span> <span class='ocrx_word' id='word_1_36' title='bbox 1540 810 1667 883; x_wconf 71' lang='lat' dir='ltr'>multu</span> <span class='ocrx_word' id='word_1_37' title='bbox 1689 831 1753 883; x_wconf 88' lang='lat' dir='ltr'>cu·</span> 
     </span>
     <span class='ocr_line' id='line_1_5' title="bbox 132 926 1753 1024; baseline -0.002 -22"><span class='ocrx_word' id='word_1_38' title='bbox 132 927 291 1002; x_wconf 71' lang='lat' dir='ltr'>nutatura</span> <span class='ocrx_word' id='word_1_39' title='bbox 318 926 535 1012; x_wconf 86' lang='lat' dir='ltr'>honoribus,</span> <span class='ocrx_word' id='word_1_40' title='bbox 573 951 619 1005; x_wconf 79' lang='lat' dir='ltr'>uc</span> <span class='ocrx_word' id='word_1_41' title='bbox 649 931 857 1024; x_wconf 69' lang='lat' dir='ltr'>Regmolrogi</span> <span class='ocrx_word' id='word_1_42' title='bbox 884 928 1083 1023; x_wconf 61' lang='lat' dir='ltr'>napum</span> <span class='ocrx_word' id='word_1_43' title='bbox 1110 934 1177 1001; x_wconf 85' lang='lat' dir='ltr'>uice</span> <span class='ocrx_word' id='word_1_44' title='bbox 1204 927 1332 999; x_wconf 81' lang='lat' dir='ltr'>Primus</span> <span class='ocrx_word' id='word_1_45' title='bbox 1357 926 1494 1011; x_wconf 89' lang='lat' dir='ltr'>tenuit,</span> <span class='ocrx_word' id='word_1_46' title='bbox 1514 928 1753 1020; x_wconf 71' lang='lat' dir='ltr'>⁶(Caprlm</span> 
     </span>
     <span class='ocr_line' id='line_1_6' title="bbox 131 1042 1750 1145; baseline -0.001 -24"><span class='ocrx_word' id='word_1_47' title='bbox 131 1053 278 1139; x_wconf 71' lang='lat' dir='ltr'>coeant)</span> <span class='ocrx_word' id='word_1_48' title='bbox 317 1045 367 1141; x_wconf 66' lang='lat' dir='ltr'>“p</span> <span class='ocrx_word' id='word_1_49' title='bbox 446 1048 529 1145; x_wconf 85' lang='lat' dir='ltr'>Jam</span> <span class='ocrx_word' id='word_1_50' title='bbox 554 1047 593 1123; x_wconf 81' lang='lat' dir='ltr'>dc</span> <span class='ocrx_word' id='word_1_51' title='bbox 637 1058 748 1120; x_wconf 88' lang='lat' dir='ltr'>antea</span> <span class='ocrx_word' id='word_1_52' title='bbox 783 1044 936 1121; x_wconf 86' lang='lat' dir='ltr'>militiae</span> <span class='ocrx_word' id='word_1_53' title='bbox 976 1047 1111 1120; x_wconf 89' lang='lat' dir='ltr'>decora</span> <span class='ocrx_word' id='word_1_54' title='bbox 1153 1047 1192 1122; x_wconf 82' lang='lat' dir='ltr'>dr</span> <span class='ocrx_word' id='word_1_55' title='bbox 1229 1046 1356 1139; x_wconf 67' lang='lat' dir='ltr'>qu&#39;tr&#39;s</span> <span class='ocrx_word' id='word_1_56' title='bbox 1390 1051 1497 1119; x_wconf 75' lang='lat' dir='ltr'>arui</span> <span class='ocrx_word' id='word_1_57' title='bbox 1523 1043 1672 1137; x_wconf 70' lang='lat' dir='ltr'>insignia</span> <span class='ocrx_word' id='word_1_58' title='bbox 1700 1042 1750 1119; x_wconf 79' lang='lat' dir='ltr'>ad</span> 
     </span>
     <span class='ocr_line' id='line_1_7' title="bbox 131 1153 1753 1267; baseline -0.001 -28"><span class='ocrx_word' id='word_1_59' title='bbox 131 1159 243 1253; x_wconf 66' lang='lat' dir='ltr'>onusti</span> <span class='ocrx_word' id='word_1_60' title='bbox 267 1165 446 1239; x_wconf 71' lang='lat' dir='ltr'>seranna</span> <span class='ocrx_word' id='word_1_61' title='bbox 465 1169 558 1267; x_wconf 80' lang='lat' dir='ltr'>ruflrl</span> <span class='ocrx_word' id='word_1_62' title='bbox 567 1160 761 1262; x_wconf 72' lang='lat' dir='ltr'><em>sepulchrum</em></span> <span class='ocrx_word' id='word_1_63' title='bbox 781 1173 903 1257; x_wconf 76' lang='lat' dir='ltr'>magnis</span> <span class='ocrx_word' id='word_1_64' title='bbox 915 1165 1083 1260; x_wconf 78' lang='lat' dir='ltr'>sudoribus</span> <span class='ocrx_word' id='word_1_65' title='bbox 1107 1167 1214 1236; x_wconf 70' lang='lat' dir='ltr'>nostru</span> <span class='ocrx_word' id='word_1_66' title='bbox 1228 1163 1352 1255; x_wconf 73' lang='lat' dir='ltr'>suerat.</span> <span class='ocrx_word' id='word_1_67' title='bbox 1409 1163 1502 1248; x_wconf 89' lang='lat' dir='ltr'>Qui,</span> <span class='ocrx_word' id='word_1_68' title='bbox 1525 1153 1556 1234; x_wconf 84' lang='lat' dir='ltr'>ii</span> <span class='ocrx_word' id='word_1_69' title='bbox 1584 1162 1753 1238; x_wconf 63' lang='lat' dir='ltr'>inexora-</span> 
     </span>
     <span class='ocr_line' id='line_1_8' title="bbox 131 1279 1753 1379; baseline -0.002 -22"><span class='ocrx_word' id='word_1_70' title='bbox 131 1282 221 1357; x_wconf 72' lang='lat' dir='ltr'>biles</span> <span class='ocrx_word' id='word_1_71' title='bbox 252 1281 387 1357; x_wconf 85' lang='lat' dir='ltr'>Parcae</span> <span class='ocrx_word' id='word_1_72' title='bbox 420 1282 524 1360; x_wconf 93' lang='lat' dir='ltr'>illum</span> <span class='ocrx_word' id='word_1_73' title='bbox 559 1285 665 1358; x_wconf 72' lang='lat' dir='ltr'>nobis</span> <span class='ocrx_word' id='word_1_74' title='bbox 698 1281 916 1379; x_wconf 84' lang='lat' dir='ltr'>superstitem</span> <span class='ocrx_word' id='word_1_75' title='bbox 943 1281 1179 1378; x_wconf 79' lang='lat' dir='ltr'>reliquiuent,</span> <span class='ocrx_word' id='word_1_76' title='bbox 1226 1304 1269 1357; x_wconf 89' lang='lat' dir='ltr'>ac</span> <span class='ocrx_word' id='word_1_77' title='bbox 1297 1279 1494 1356; x_wconf 89' lang='lat' dir='ltr'>immatura</span> <span class='ocrx_word' id='word_1_78' title='bbox 1528 1293 1646 1355; x_wconf 92' lang='lat' dir='ltr'>morte</span> <span class='ocrx_word' id='word_1_79' title='bbox 1671 1302 1753 1377; x_wconf 84' lang='lat' dir='ltr'>pre·</span> 
     </span>
     <span class='ocr_line' id='line_1_9' title="bbox 130 1396 1753 1493; baseline 0 -18"><span class='ocrx_word' id='word_1_80' title='bbox 130 1410 264 1475; x_wconf 76' lang='lat' dir='ltr'>uentus</span> <span class='ocrx_word' id='word_1_81' title='bbox 287 1423 361 1474; x_wconf 92' lang='lat' dir='ltr'>non</span> <span class='ocrx_word' id='word_1_82' title='bbox 388 1402 523 1487; x_wconf 77' lang='lat' dir='ltr'>initiet,</span> <span class='ocrx_word' id='word_1_83' title='bbox 562 1401 729 1478; x_wconf 86' lang='lat' dir='ltr'>Stemma</span> <span class='ocrx_word' id='word_1_84' title='bbox 752 1400 932 1485; x_wconf 85' lang='lat' dir='ltr'>restrum,</span> <span class='ocrx_word' id='word_1_85' title='bbox 967 1399 1108 1473; x_wconf 73' lang='lat' dir='ltr'>tametsi</span> <span class='ocrx_word' id='word_1_86' title='bbox 1135 1396 1334 1493; x_wconf 68' lang='lat' dir='ltr'>amquam</span> <span class='ocrx_word' id='word_1_87' title='bbox 1353 1423 1423 1472; x_wconf 80' lang='lat' dir='ltr'>cum</span> <span class='ocrx_word' id='word_1_88' title='bbox 1446 1407 1559 1493; x_wconf 74' lang='lat' dir='ltr'>prunis</span> <span class='ocrx_word' id='word_1_89' title='bbox 1589 1404 1686 1473; x_wconf 79' lang='lat' dir='ltr'>rutile</span> <span class='ocrx_word' id='word_1_90' title='bbox 1707 1420 1753 1475; x_wconf 79' lang='lat' dir='ltr'>ac</span> 
     </span>
     <span class='ocr_line' id='line_1_10' title="bbox 129 1516 1754 1616; baseline 0 -24"><span class='ocrx_word' id='word_1_91' title='bbox 129 1523 220 1592; x_wconf 63' lang='lat' dir='ltr'>mro</span> <span class='ocrx_word' id='word_1_92' title='bbox 245 1519 341 1595; x_wconf 75' lang='lat' dir='ltr'>Gallo</span> <span class='ocrx_word' id='word_1_93' title='bbox 361 1519 611 1616; x_wconf 81' lang='lat' dir='ltr'>conspicuum,</span> <span class='ocrx_word' id='word_1_94' title='bbox 652 1519 769 1595; x_wconf 91' lang='lat' dir='ltr'>multo</span> <span class='ocrx_word' id='word_1_95' title='bbox 798 1530 923 1593; x_wconf 85' lang='lat' dir='ltr'>tamen</span> <span class='ocrx_word' id='word_1_96' title='bbox 948 1519 1106 1592; x_wconf 78' lang='lat' dir='ltr'><strong>nobilius</strong></span> <span class='ocrx_word' id='word_1_97' title='bbox 1140 1518 1179 1593; x_wconf 83' lang='lat' dir='ltr'>dr</span> <span class='ocrx_word' id='word_1_98' title='bbox 1215 1516 1411 1611; x_wconf 79' lang='lat' dir='ltr'>Augustius</span> <span class='ocrx_word' id='word_1_99' title='bbox 1444 1516 1671 1600; x_wconf 69' lang='lat' dir='ltr'>reddidisset,</span> <span class='ocrx_word' id='word_1_100' title='bbox 1707 1537 1754 1592; x_wconf 80' lang='lat' dir='ltr'>ac</span> 
     </span>
     <span class='ocr_line' id='line_1_11' title="bbox 131 1614 1786 1732; baseline -0.004 -18"><span class='ocrx_word' id='word_1_101' title='bbox 131 1636 276 1714; x_wconf 74' lang='lat' dir='ltr'>aarum</span> <span class='ocrx_word' id='word_1_102' title='bbox 299 1638 443 1732; x_wconf 70' lang='lat' dir='ltr'>genem</span> <span class='ocrx_word' id='word_1_103' title='bbox 468 1637 523 1713; x_wconf 79' lang='lat' dir='ltr'>tur</span> <span class='ocrx_word' id='word_1_104' title='bbox 549 1637 759 1714; x_wconf 68' lang='lat' dir='ltr'>eumarum</span> <span class='ocrx_word' id='word_1_105' title='bbox 784 1635 891 1730; x_wconf 66' lang='lat' dir='ltr'>rouge</span> <span class='ocrx_word' id='word_1_106' title='bbox 910 1633 1189 1710; x_wconf 73' lang='lat' dir='ltr'>nonemnmum</span> <span class='ocrx_word' id='word_1_107' title='bbox 1216 1636 1265 1708; x_wconf 74' lang='lat' dir='ltr'>aa</span> <span class='ocrx_word' id='word_1_108' title='bbox 1286 1637 1509 1712; x_wconf 67' lang='lat' dir='ltr'>manuum</span> <span class='ocrx_word' id='word_1_109' title='bbox 1531 1614 1786 1711; x_wconf 43' lang='lat' dir='ltr'>illaturum,</span> 
     </span>
     <span class='ocr_line' id='line_1_12' title="bbox 131 1756 1753 1854; baseline -0.002 -21"><span class='ocrx_word' id='word_1_110' title='bbox 131 1757 278 1833; x_wconf 76' lang='lat' dir='ltr'>Gallum</span> <span class='ocrx_word' id='word_1_111' title='bbox 304 1756 389 1832; x_wconf 87' lang='lat' dir='ltr'>dico</span> <span class='ocrx_word' id='word_1_112' title='bbox 409 1756 540 1845; x_wconf 85' lang='lat' dir='ltr'>illurn,</span> <span class='ocrx_word' id='word_1_113' title='bbox 570 1758 633 1854; x_wconf 92' lang='lat' dir='ltr'>qui</span> <span class='ocrx_word' id='word_1_114' title='bbox 656 1763 756 1850; x_wconf 75' lang='lat' dir='ltr'>lurgis</span> <span class='ocrx_word' id='word_1_115' title='bbox 776 1764 859 1829; x_wconf 83' lang='lat' dir='ltr'>retro</span> <span class='ocrx_word' id='word_1_116' title='bbox 872 1756 987 1850; x_wconf 63' lang='lat' dir='ltr'>sarr&amp;</span> <span class='ocrx_word' id='word_1_117' title='bbox 1010 1757 1049 1826; x_wconf 80' lang='lat' dir='ltr'>ab</span> <span class='ocrx_word' id='word_1_118' title='bbox 1079 1757 1316 1850; x_wconf 69' lang='lat' dir='ltr'>lorperatorr&#39;lur</span> <span class='ocrx_word' id='word_1_119' title='bbox 1347 1778 1407 1827; x_wconf 83' lang='lat' dir='ltr'>non</span> <span class='ocrx_word' id='word_1_120' title='bbox 1434 1757 1491 1826; x_wconf 82' lang='lat' dir='ltr'>alr</span> <span class='ocrx_word' id='word_1_121' title='bbox 1523 1778 1558 1827; x_wconf 84' lang='lat' dir='ltr'>rr</span> <span class='ocrx_word' id='word_1_122' title='bbox 1575 1763 1663 1850; x_wconf 77' lang='lat' dir='ltr'>groti</span> <span class='ocrx_word' id='word_1_123' title='bbox 1679 1766 1753 1829; x_wconf 68' lang='lat' dir='ltr'>m</span> 
     </span>
     <span class='ocr_line' id='line_1_13' title="bbox 123 1869 1753 1972; baseline -0.002 -24"><span class='ocrx_word' id='word_1_124' title='bbox 123 1891 180 1972; x_wconf 81' lang='lat' dir='ltr'>pra</span> <span class='ocrx_word' id='word_1_125' title='bbox 202 1873 318 1968; x_wconf 67' lang='lat' dir='ltr'>lnsrgro&#39;</span> <span class='ocrx_word' id='word_1_126' title='bbox 345 1878 475 1948; x_wconf 71' lang='lat' dir='ltr'>drudus</span> <span class='ocrx_word' id='word_1_127' title='bbox 497 1875 562 1964; x_wconf 66' lang='lat' dir='ltr'>fil,</span> <span class='ocrx_word' id='word_1_128' title='bbox 600 1875 719 1972; x_wconf 85' lang='lat' dir='ltr'>quod,</span> <span class='ocrx_word' id='word_1_129' title='bbox 764 1873 1074 1969; x_wconf 79' lang='lat' dir='ltr'>quemadmodum</span> <span class='ocrx_word' id='word_1_130' title='bbox 1115 1871 1243 1949; x_wconf 73' lang='lat' dir='ltr'>Gallus</span> <span class='ocrx_word' id='word_1_131' title='bbox 1270 1872 1361 1949; x_wconf 78' lang='lat' dir='ltr'>Alea</span> <span class='ocrx_word' id='word_1_132' title='bbox 1385 1875 1574 1949; x_wconf 85' lang='lat' dir='ltr'>excubitor</span> <span class='ocrx_word' id='word_1_133' title='bbox 1604 1896 1647 1948; x_wconf 88' lang='lat' dir='ltr'>ac</span> <span class='ocrx_word' id='word_1_134' title='bbox 1664 1869 1753 1968; x_wconf 77' lang='lat' dir='ltr'>vigil</span> 
     </span>
     <span class='ocr_line' id='line_1_14' title="bbox 129 1990 1752 2086; baseline -0.001 -18"><span class='ocrx_word' id='word_1_135' title='bbox 129 1995 325 2070; x_wconf 74' lang='lat' dir='ltr'>postumus</span> <span class='ocrx_word' id='word_1_136' title='bbox 351 1993 495 2086; x_wconf 86' lang='lat' dir='ltr'>cognita</span> <span class='ocrx_word' id='word_1_137' title='bbox 515 1993 625 2068; x_wconf 88' lang='lat' dir='ltr'>habet</span> <span class='ocrx_word' id='word_1_138' title='bbox 650 1991 783 2073; x_wconf 89' lang='lat' dir='ltr'>lidera,</span> <span class='ocrx_word' id='word_1_139' title='bbox 808 2003 931 2066; x_wconf 89' lang='lat' dir='ltr'>ternas</span> <span class='ocrx_word' id='word_1_140' title='bbox 956 1991 1047 2066; x_wconf 90' lang='lat' dir='ltr'>item</span> <span class='ocrx_word' id='word_1_141' title='bbox 1069 1990 1254 2085; x_wconf 83' lang='lat' dir='ltr'>distinguit</span> <span class='ocrx_word' id='word_1_142' title='bbox 1275 1990 1401 2074; x_wconf 75' lang='lat' dir='ltr'>horas,</span> <span class='ocrx_word' id='word_1_143' title='bbox 1439 1993 1600 2068; x_wconf 86' lang='lat' dir='ltr'>interdiu</span> <span class='ocrx_word' id='word_1_144' title='bbox 1622 2005 1752 2079; x_wconf 86' lang='lat' dir='ltr'>cantu,</span> 
     </span>
     <span class='ocr_line' id='line_1_15' title="bbox 128 2106 1750 2207; baseline 0.001 -22"><span class='ocrx_word' id='word_1_145' title='bbox 128 2132 170 2185; x_wconf 88' lang='lat' dir='ltr'>ac</span> <span class='ocrx_word' id='word_1_146' title='bbox 193 2128 280 2188; x_wconf 88' lang='lat' dir='ltr'>cum</span> <span class='ocrx_word' id='word_1_147' title='bbox 305 2110 375 2186; x_wconf 83' lang='lat' dir='ltr'>lule</span> <span class='ocrx_word' id='word_1_148' title='bbox 408 2109 439 2183; x_wconf 93' lang='lat' dir='ltr'>it</span> <span class='ocrx_word' id='word_1_149' title='bbox 465 2113 651 2191; x_wconf 69' lang='lat' dir='ltr'>cubitum</span> <span class='ocrx_word' id='word_1_150' title='bbox 696 2123 776 2185; x_wconf 88' lang='lat' dir='ltr'>tum</span> <span class='ocrx_word' id='word_1_151' title='bbox 803 2122 939 2207; x_wconf 87' lang='lat' dir='ltr'>quanta</span> <span class='ocrx_word' id='word_1_152' title='bbox 964 2106 1125 2183; x_wconf 83' lang='lat' dir='ltr'>castrenfi</span> <span class='ocrx_word' id='word_1_153' title='bbox 1154 2107 1276 2203; x_wconf 78' lang='lat' dir='ltr'>vigilia</span> <span class='ocrx_word' id='word_1_154' title='bbox 1310 2110 1485 2186; x_wconf 79' lang='lat' dir='ltr'>Mortales</span> <span class='ocrx_word' id='word_1_155' title='bbox 1509 2112 1557 2187; x_wconf 84' lang='lat' dir='ltr'>ad</span> <span class='ocrx_word' id='word_1_156' title='bbox 1589 2111 1750 2188; x_wconf 91' lang='lat' dir='ltr'>laborem</span> 
     </span>
     <span class='ocr_line' id='line_1_16' title="bbox 127 2226 1751 2326; baseline -0.002 -21"><span class='ocrx_word' id='word_1_157' title='bbox 127 2237 291 2310; x_wconf 73' lang='lat' dir='ltr'>mat,</span> <span class='ocrx_word' id='word_1_158' title='bbox 320 2250 390 2303; x_wconf 85' lang='lat' dir='ltr'>nec</span> <span class='ocrx_word' id='word_1_159' title='bbox 413 2228 496 2303; x_wconf 68' lang='lat' dir='ltr'>mlia</span> <span class='ocrx_word' id='word_1_160' title='bbox 518 2241 640 2304; x_wconf 87' lang='lat' dir='ltr'>ortum</span> <span class='ocrx_word' id='word_1_161' title='bbox 662 2228 834 2304; x_wconf 75' lang='lat' dir='ltr'>micantia</span> <span class='ocrx_word' id='word_1_162' title='bbox 857 2228 1027 2325; x_wconf 89' lang='lat' dir='ltr'>obrepere</span> <span class='ocrx_word' id='word_1_163' title='bbox 1048 2226 1202 2324; x_wconf 88' lang='lat' dir='ltr'>patitur:</span> <span class='ocrx_word' id='word_1_164' title='bbox 1234 2229 1334 2304; x_wconf 91' lang='lat' dir='ltr'>diem</span> <span class='ocrx_word' id='word_1_165' title='bbox 1357 2229 1518 2326; x_wconf 86' lang='lat' dir='ltr'>denique</span> <span class='ocrx_word' id='word_1_166' title='bbox 1540 2229 1751 2306; x_wconf 82' lang='lat' dir='ltr'>venientem</span> 
     </span>
     <span class='ocr_line' id='line_1_17' title="bbox 127 2344 1751 2445; baseline -0.002 -21"><span class='ocrx_word' id='word_1_167' title='bbox 127 2345 280 2424; x_wconf 86' lang='lat' dir='ltr'>nunciat</span> <span class='ocrx_word' id='word_1_168' title='bbox 299 2359 430 2430; x_wconf 78' lang='lat' dir='ltr'>cantur</span> <span class='ocrx_word' id='word_1_169' title='bbox 462 2348 590 2423; x_wconf 88' lang='lat' dir='ltr'>multis</span> <span class='ocrx_word' id='word_1_170' title='bbox 614 2360 798 2445; x_wconf 87' lang='lat' dir='ltr'>praeterea</span> <span class='ocrx_word' id='word_1_171' title='bbox 823 2352 979 2420; x_wconf 81' lang='lat' dir='ltr'>naturae·</span> <span class='ocrx_word' id='word_1_172' title='bbox 1001 2344 1128 2432; x_wconf 77' lang='lat' dir='ltr'>donia,</span> <span class='ocrx_word' id='word_1_173' title='bbox 1164 2369 1259 2443; x_wconf 91' lang='lat' dir='ltr'>quae</span> <span class='ocrx_word' id='word_1_174' title='bbox 1281 2344 1383 2421; x_wconf 79' lang='lat' dir='ltr'>Deru</span> <span class='ocrx_word' id='word_1_175' title='bbox 1406 2346 1493 2423; x_wconf 87' lang='lat' dir='ltr'>huic</span> <span class='ocrx_word' id='word_1_176' title='bbox 1520 2347 1598 2424; x_wconf 85' lang='lat' dir='ltr'>aliti</span> <span class='ocrx_word' id='word_1_177' title='bbox 1623 2346 1661 2422; x_wconf 93' lang='lat' dir='ltr'>in</span> <span class='ocrx_word' id='word_1_178' title='bbox 1682 2347 1751 2421; x_wconf 90' lang='lat' dir='ltr'>ho·</span> 
     </span>
     <span class='ocr_line' id='line_1_18' title="bbox 126 2461 1772 2561; baseline 0 -21"><span class='ocrx_word' id='word_1_179' title='bbox 126 2465 270 2540; x_wconf 90' lang='lat' dir='ltr'>minum</span> <span class='ocrx_word' id='word_1_180' title='bbox 298 2466 511 2554; x_wconf 78' lang='lat' dir='ltr'>utilitatem,</span> <span class='ocrx_word' id='word_1_181' title='bbox 541 2481 581 2544; x_wconf 81' lang='lat' dir='ltr'>rt</span> <span class='ocrx_word' id='word_1_182' title='bbox 602 2466 747 2553; x_wconf 84' lang='lat' dir='ltr'>omnia,</span> <span class='ocrx_word' id='word_1_183' title='bbox 783 2464 937 2550; x_wconf 86' lang='lat' dir='ltr'>indidit,</span> <span class='ocrx_word' id='word_1_184' title='bbox 967 2464 1132 2560; x_wconf 75' lang='lat' dir='ltr'>preditus</span> <span class='ocrx_word' id='word_1_185' title='bbox 1154 2463 1230 2547; x_wconf 70' lang='lat' dir='ltr'>estr</span> <span class='ocrx_word' id='word_1_186' title='bbox 1267 2463 1321 2540; x_wconf 92' lang='lat' dir='ltr'>ita</span> <span class='ocrx_word' id='word_1_187' title='bbox 1344 2465 1384 2541; x_wconf 89' lang='lat'><strong>&amp;</strong></span> <span class='ocrx_word' id='word_1_188' title='bbox 1408 2465 1568 2542; x_wconf 70' lang='lat' dir='ltr'>Maiores</span> <span class='ocrx_word' id='word_1_189' title='bbox 1593 2466 1649 2542; x_wconf 91' lang='lat' dir='ltr'>tui</span> <span class='ocrx_word' id='word_1_190' title='bbox 1672 2461 1772 2561; x_wconf 83' lang='lat' dir='ltr'>nou&#39;</span> 
     </span>
     <span class='ocr_line' id='line_1_19' title="bbox 126 2582 1750 2681; baseline 0.002 -22"><span class='ocrx_word' id='word_1_191' title='bbox 126 2582 305 2659; x_wconf 87' lang='lat' dir='ltr'>minorem</span> <span class='ocrx_word' id='word_1_192' title='bbox 331 2584 525 2662; x_wconf 86' lang='lat' dir='ltr'>industriae</span> <span class='ocrx_word' id='word_1_193' title='bbox 556 2584 782 2659; x_wconf 85' lang='lat' dir='ltr'>sedulitatem</span> <span class='ocrx_word' id='word_1_194' title='bbox 812 2582 954 2657; x_wconf 88' lang='lat' dir='ltr'>iurem</span> <span class='ocrx_word' id='word_1_195' title='bbox 983 2605 1069 2658; x_wconf 92' lang='lat' dir='ltr'>cum</span> <span class='ocrx_word' id='word_1_196' title='bbox 1096 2583 1276 2678; x_wconf 85' lang='lat' dir='ltr'>priuatam</span> <span class='ocrx_word' id='word_1_197' title='bbox 1299 2595 1380 2660; x_wconf 90' lang='lat' dir='ltr'>tum</span> <span class='ocrx_word' id='word_1_198' title='bbox 1416 2585 1596 2681; x_wconf 86' lang='lat' dir='ltr'>publicam</span> <span class='ocrx_word' id='word_1_199' title='bbox 1624 2584 1750 2680; x_wconf 84' lang='lat' dir='ltr'>gnari·</span> 
     </span>
     <span class='ocr_line' id='line_1_20' title="bbox 42 2700 1748 2802; baseline -0.009 -16"><span class='ocrx_word' id='word_1_200' title='bbox 42 2780 48 2786; x_wconf 89' lang='lat'>.</span> <span class='ocrx_word' id='word_1_201' title='bbox 127 2712 183 2777; x_wconf 83' lang='lat' dir='ltr'>ter</span> <span class='ocrx_word' id='word_1_202' title='bbox 208 2717 467 2792; x_wconf 80' lang='lat' dir='ltr'>exercuerunt,</span> <span class='ocrx_word' id='word_1_203' title='bbox 501 2727 546 2779; x_wconf 87' lang='lat' dir='ltr'>ac</span> <span class='ocrx_word' id='word_1_204' title='bbox 578 2704 708 2784; x_wconf 86' lang='lat' dir='ltr'>dotes,</span> <span class='ocrx_word' id='word_1_205' title='bbox 739 2724 830 2798; x_wconf 77' lang='lat' dir='ltr'>quaa</span> <span class='ocrx_word' id='word_1_206' title='bbox 859 2700 961 2775; x_wconf 82' lang='lat' dir='ltr'>Deus</span> <span class='ocrx_word' id='word_1_207' title='bbox 990 2713 1064 2798; x_wconf 79' lang='lat' dir='ltr'>opt.</span> <span class='ocrx_word' id='word_1_208' title='bbox 1088 2703 1188 2776; x_wconf 83' lang='lat' dir='ltr'>Max.</span> <span class='ocrx_word' id='word_1_209' title='bbox 1213 2701 1286 2778; x_wconf 84' lang='lat' dir='ltr'>illia</span> <span class='ocrx_word' id='word_1_210' title='bbox 1314 2702 1585 2802; x_wconf 82' lang='lat' dir='ltr'>multiphariam</span> <span class='ocrx_word' id='word_1_211' title='bbox 1611 2706 1748 2802; x_wconf 82' lang='lat' dir='ltr'>imper·</span> 
     </span>
    </p>
   </div>
   <div class='ocr_carea' id='block_1_3' title="bbox 127 2818 1171 2918">
    <p class='ocr_par' dir='ltr' id='par_1_3' title="bbox 127 2818 1171 2918">
     <span class='ocr_line' id='line_1_21' title="bbox 127 2818 1171 2918; baseline -0.001 -23"><span class='ocrx_word' id='word_1_212' title='bbox 127 2819 209 2906; x_wconf 88' lang='lat' dir='ltr'>tiit,</span> <span class='ocrx_word' id='word_1_213' title='bbox 244 2821 437 2918; x_wconf 91' lang='lat' dir='ltr'>prudentia</span> <span class='ocrx_word' id='word_1_214' title='bbox 460 2818 627 2917; x_wconf 80' lang='lat' dir='ltr'>lingulati</span> <span class='ocrx_word' id='word_1_215' title='bbox 648 2819 909 2916; x_wconf 82' lang='lat' dir='ltr'>incommune</span> <span class='ocrx_word' id='word_1_216' title='bbox 923 2818 1171 2913; x_wconf 58' lang='lat' dir='ltr'>,contulerunt</span> 
     </span>
    </p>
   </div>
   <div class='ocr_carea' id='block_1_4' title="bbox 121 3054 1888 3748">
    <p class='ocr_par' dir='ltr' id='par_1_4' title="bbox 121 3054 1888 3748">
     <span class='ocr_line' id='line_1_22' title="bbox 217 3054 1748 3153; baseline 0.003 -24"><span class='ocrx_word' id='word_1_217' title='bbox 217 3055 294 3130; x_wconf 90' lang='lat' dir='ltr'>Sed</span> <span class='ocrx_word' id='word_1_218' title='bbox 311 3057 369 3144; x_wconf 70' lang='lat' dir='ltr'>‚ad</span> <span class='ocrx_word' id='word_1_219' title='bbox 394 3055 457 3141; x_wconf 91' lang='lat' dir='ltr'>id,</span> <span class='ocrx_word' id='word_1_220' title='bbox 482 3057 581 3133; x_wconf 80' lang='lat' dir='ltr'>vnde</span> <span class='ocrx_word' id='word_1_221' title='bbox 603 3056 788 3153; x_wconf 88' lang='lat' dir='ltr'>paululum</span> <span class='ocrx_word' id='word_1_222' title='bbox 812 3054 984 3150; x_wconf 77' lang='lat' dir='ltr'>digrelsua</span> <span class='ocrx_word' id='word_1_223' title='bbox 1006 3056 1100 3143; x_wconf 86' lang='lat' dir='ltr'>sum,</span> <span class='ocrx_word' id='word_1_224' title='bbox 1130 3058 1252 3134; x_wconf 88' lang='lat' dir='ltr'>redeo.</span> <span class='ocrx_word' id='word_1_225' title='bbox 1300 3058 1406 3136; x_wconf 85' lang='lat' dir='ltr'>Clam</span> <span class='ocrx_word' id='word_1_226' title='bbox 1430 3081 1493 3138; x_wconf 80' lang='lat' dir='ltr'>me</span> <span class='ocrx_word' id='word_1_227' title='bbox 1507 3081 1583 3136; x_wconf 89' lang='lat' dir='ltr'>uon</span> <span class='ocrx_word' id='word_1_228' title='bbox 1600 3058 1669 3144; x_wconf 85' lang='lat' dir='ltr'>est,</span> <span class='ocrx_word' id='word_1_229' title='bbox 1692 3056 1748 3135; x_wconf 89' lang='lat' dir='ltr'>mi</span> 
     </span>
     <span class='ocr_line' id='line_1_23' title="bbox 125 3172 1888 3277; baseline 0.003 -27"><span class='ocrx_word' id='word_1_230' title='bbox 125 3173 302 3258; x_wconf 89' lang='lat' dir='ltr'>Geruice,</span> <span class='ocrx_word' id='word_1_231' title='bbox 330 3172 427 3248; x_wconf 88' lang='lat' dir='ltr'>hanc</span> <span class='ocrx_word' id='word_1_232' title='bbox 447 3197 568 3250; x_wconf 90' lang='lat' dir='ltr'>meam</span> <span class='ocrx_word' id='word_1_233' title='bbox 590 3176 752 3270; x_wconf 84' lang='lat' dir='ltr'>opellam</span> <span class='ocrx_word' id='word_1_234' title='bbox 778 3174 873 3257; x_wconf 86' lang='lat' dir='ltr'>iliis,</span> <span class='ocrx_word' id='word_1_235' title='bbox 901 3197 1055 3270; x_wconf 90' lang='lat' dir='ltr'>quorum</span> <span class='ocrx_word' id='word_1_236' title='bbox 1080 3177 1190 3272; x_wconf 87' lang='lat' dir='ltr'>paulo</span> <span class='ocrx_word' id='word_1_237' title='bbox 1216 3191 1303 3253; x_wconf 90' lang='lat' dir='ltr'>ante</span> <span class='ocrx_word' id='word_1_238' title='bbox 1326 3179 1498 3264; x_wconf 91' lang='lat' dir='ltr'>memini,</span> <span class='ocrx_word' id='word_1_239' title='bbox 1533 3177 1749 3277; x_wconf 81' lang='lat' dir='ltr'>neutiquam</span> <span class='ocrx_word' id='word_1_240' title='bbox 1885 3243 1888 3247; x_wconf 95' lang='lat'>.</span> 
     </span>
     <span class='ocr_line' id='line_1_24' title="bbox 123 3278 1746 3394; baseline 0.002 -27"><span class='ocrx_word' id='word_1_241' title='bbox 123 3292 354 3388; x_wconf 82' lang='lat' dir='ltr'>placituram,</span> <span class='ocrx_word' id='word_1_242' title='bbox 386 3294 447 3389; x_wconf 92' lang='lat' dir='ltr'>qui</span> <span class='ocrx_word' id='word_1_243' title='bbox 476 3278 647 3368; x_wconf 82' lang='lat' dir='ltr'>manibus</span> <span class='ocrx_word' id='word_1_244' title='bbox 674 3293 897 3391; x_wconf 84' lang='lat' dir='ltr'>pedibusque</span> <span class='ocrx_word' id='word_1_245' title='bbox 921 3293 993 3368; x_wconf 90' lang='lat' dir='ltr'>hoc</span> <span class='ocrx_word' id='word_1_246' title='bbox 1023 3291 1277 3375; x_wconf 76' lang='lat' dir='ltr'>famulantium</span> <span class='ocrx_word' id='word_1_247' title='bbox 1299 3296 1424 3372; x_wconf 78' lang='lat' dir='ltr'>Midae</span> <span class='ocrx_word' id='word_1_248' title='bbox 1451 3297 1661 3373; x_wconf 83' lang='lat' dir='ltr'>sacrificium</span> <span class='ocrx_word' id='word_1_249' title='bbox 1682 3319 1746 3394; x_wconf 90' lang='lat' dir='ltr'>op-</span> 
     </span>
     <span class='ocr_line' id='line_1_25' title="bbox 123 3410 1743 3508; baseline 0.006 -25"><span class='ocrx_word' id='word_1_250' title='bbox 123 3424 288 3506; x_wconf 85' lang='lat' dir='ltr'>pugnant</span> <span class='ocrx_word' id='word_1_251' title='bbox 310 3434 354 3485; x_wconf 93' lang='lat' dir='ltr'>ac</span> <span class='ocrx_word' id='word_1_252' title='bbox 375 3411 510 3505; x_wconf 84' lang='lat' dir='ltr'>pelium</span> <span class='ocrx_word' id='word_1_253' title='bbox 533 3411 576 3486; x_wconf 90' lang='lat' dir='ltr'>iri</span> <span class='ocrx_word' id='word_1_254' title='bbox 605 3410 838 3508; x_wconf 86' lang='lat' dir='ltr'>percupiunt,</span> <span class='ocrx_word' id='word_1_255' title='bbox 874 3435 1004 3486; x_wconf 84' lang='lat' dir='ltr'>omnes</span> <span class='ocrx_word' id='word_1_256' title='bbox 1026 3413 1139 3490; x_wconf 87' lang='lat' dir='ltr'>etiam</span> <span class='ocrx_word' id='word_1_257' title='bbox 1164 3436 1298 3489; x_wconf 77' lang='lat' dir='ltr'>neruos</span> <span class='ocrx_word' id='word_1_258' title='bbox 1330 3427 1457 3490; x_wconf 90' lang='lat' dir='ltr'>contra</span> <span class='ocrx_word' id='word_1_259' title='bbox 1493 3416 1594 3492; x_wconf 91' lang='lat' dir='ltr'>illam</span> <span class='ocrx_word' id='word_1_260' title='bbox 1623 3416 1743 3492; x_wconf 85' lang='lat' dir='ltr'>inteu-</span> 
     </span>
     <span class='ocr_line' id='line_1_26' title="bbox 122 3527 1744 3631; baseline 0.006 -29"><span class='ocrx_word' id='word_1_261' title='bbox 122 3528 232 3611; x_wconf 92' lang='lat' dir='ltr'>dunt,</span> <span class='ocrx_word' id='word_1_262' title='bbox 272 3527 424 3604; x_wconf 87' lang='lat' dir='ltr'>arietem</span> <span class='ocrx_word' id='word_1_263' title='bbox 450 3529 631 3627; x_wconf 89' lang='lat' dir='ltr'>denique,</span> <span class='ocrx_word' id='word_1_264' title='bbox 677 3541 718 3605; x_wconf 87' lang='lat' dir='ltr'>vt</span> <span class='ocrx_word' id='word_1_265' title='bbox 745 3529 827 3625; x_wconf 80' lang='lat' dir='ltr'>ipfis</span> <span class='ocrx_word' id='word_1_266' title='bbox 859 3531 1023 3619; x_wconf 83' lang='lat' dir='ltr'>videtur,</span> <span class='ocrx_word' id='word_1_267' title='bbox 1057 3530 1327 3620; x_wconf 82' lang='lat' dir='ltr'>validitiimum,</span> <span class='ocrx_word' id='word_1_268' title='bbox 1379 3557 1423 3609; x_wconf 92' lang='lat' dir='ltr'>ac</span> <span class='ocrx_word' id='word_1_269' title='bbox 1447 3558 1576 3611; x_wconf 75' lang='lat' dir='ltr'>omnes</span> <span class='ocrx_word' id='word_1_270' title='bbox 1598 3535 1744 3631; x_wconf 85' lang='lat' dir='ltr'>vertigi·</span> 
     </span>
     <span class='ocr_line' id='line_1_27' title="bbox 121 3644 1743 3748; baseline 0.009 -29"><span class='ocrx_word' id='word_1_271' title='bbox 121 3644 195 3719; x_wconf 84' lang='lat' dir='ltr'>nosr</span> <span class='ocrx_word' id='word_1_272' title='bbox 231 3645 373 3748; x_wconf 77' lang='lat' dir='ltr'>spiritus</span> <span class='ocrx_word' id='word_1_273' title='bbox 397 3648 588 3722; x_wconf 75' lang='lat' dir='ltr'>machinas</span> <span class='ocrx_word' id='word_1_274' title='bbox 623 3648 815 3733; x_wconf 89' lang='lat' dir='ltr'>adhibent,</span> <span class='ocrx_word' id='word_1_275' title='bbox 858 3650 988 3746; x_wconf 83' lang='lat' dir='ltr'>quibus</span> <span class='ocrx_word' id='word_1_276' title='bbox 1012 3673 1095 3726; x_wconf 88' lang='lat' dir='ltr'>cam</span> <span class='ocrx_word' id='word_1_277' title='bbox 1123 3652 1306 3748; x_wconf 85' lang='lat' dir='ltr'>qualsare,</span> <span class='ocrx_word' id='word_1_278' title='bbox 1350 3651 1494 3727; x_wconf 87' lang='lat' dir='ltr'>diruere</span> <span class='ocrx_word' id='word_1_279' title='bbox 1523 3677 1567 3728; x_wconf 87' lang='lat' dir='ltr'>ac</span> <span class='ocrx_word' id='word_1_280' title='bbox 1591 3658 1743 3732; x_wconf 88' lang='lat' dir='ltr'>tandem</span> 
     </span>
    </p>
   </div>
   <div class='ocr_carea' id='block_1_5' title="bbox 121 3765 1743 3960">
    <p class='ocr_par' dir='ltr' id='par_1_5' title="bbox 121 3765 1743 3960">
     <span class='ocr_line' id='line_1_28' title="bbox 121 3765 1743 3872; baseline 0.01 -36"><span class='ocrx_word' id='word_1_281' title='bbox 121 3786 328 3858; x_wconf 84' lang='lat' dir='ltr'>expugnare</span> <span class='ocrx_word' id='word_1_282' title='bbox 352 3779 539 3842; x_wconf 89' lang='lat' dir='ltr'>conantur.</span> <span class='ocrx_word' id='word_1_283' title='bbox 619 3765 695 3846; x_wconf 86' lang='lat' dir='ltr'>Sed</span> <span class='ocrx_word' id='word_1_284' title='bbox 716 3765 865 3845; x_wconf 86' lang='lat' dir='ltr'>istorum</span> <span class='ocrx_word' id='word_1_285' title='bbox 887 3781 1058 3859; x_wconf 62' lang='lat' dir='ltr'>conaus,</span> <span class='ocrx_word' id='word_1_286' title='bbox 1102 3770 1255 3850; x_wconf 80' lang='lat' dir='ltr'>veritate</span> <span class='ocrx_word' id='word_1_287' title='bbox 1281 3771 1573 3869; x_wconf 82' lang='lat' dir='ltr'>propugnatrice,</span> <span class='ocrx_word' id='word_1_288' title='bbox 1618 3773 1743 3872; x_wconf 89' lang='lat' dir='ltr'>procul</span> 
     </span>
     <span class='ocr_line' id='line_1_29' title="bbox 124 3879 498 3960; baseline 0.005 -2"><span class='ocrx_word' id='word_1_289' title='bbox 124 3880 236 3958; x_wconf 91' lang='lat' dir='ltr'>dubio</span> <span class='ocrx_word' id='word_1_290' title='bbox 259 3879 498 3960; x_wconf 77' lang='lat' dir='ltr'>lrulimbitur:</span> 
     </span>
    </p>
   </div>
   <div class='ocr_carea' id='block_1_6' title="bbox 118 4020 1949 4793">
    <p class='ocr_par' dir='ltr' id='par_1_6' title="bbox 118 4020 1949 4793">
     <span class='ocr_line' id='line_1_30' title="bbox 1899 4020 1949 4069; baseline 0 -40"><span class='ocrx_word' id='word_1_291' title='bbox 1899 4024 1910 4069; x_wconf 72' lang='lat' dir='ltr'>r</span> <span class='ocrx_word' id='word_1_292' title='bbox 1945 4020 1949 4029; x_wconf 82' lang='lat'><em>.</em></span> 
     </span>
     <span class='ocr_line' id='line_1_31' title="bbox 215 4111 1738 4218; baseline 0.008 -26"><span class='ocrx_word' id='word_1_293' title='bbox 215 4115 271 4192; x_wconf 82' lang='lat' dir='ltr'>At</span> <span class='ocrx_word' id='word_1_294' title='bbox 295 4127 422 4194; x_wconf 86' lang='lat' dir='ltr'>contra</span> <span class='ocrx_word' id='word_1_295' title='bbox 458 4131 685 4215; x_wconf 89' lang='lat' dir='ltr'>compertum</span> <span class='ocrx_word' id='word_1_296' title='bbox 722 4120 856 4206; x_wconf 87' lang='lat' dir='ltr'>habeo,</span> <span class='ocrx_word' id='word_1_297' title='bbox 901 4123 1105 4218; x_wconf 74' lang='lat' dir='ltr'>complures</span> <span class='ocrx_word' id='word_1_298' title='bbox 1139 4121 1342 4202; x_wconf 89' lang='lat' dir='ltr'>etiamnmn</span> <span class='ocrx_word' id='word_1_299' title='bbox 1381 4127 1451 4202; x_wconf 84' lang='lat' dir='ltr'>else</span> <span class='ocrx_word' id='word_1_300' title='bbox 1487 4111 1738 4216; x_wconf 77' lang='lat' dir='ltr'>orthodoxos,</span> 
     </span>
     <span class='ocr_line' id='line_1_32' title="bbox 118 4235 1738 4340; baseline 0.006 -26"><span class='ocrx_word' id='word_1_301' title='bbox 118 4236 367 4333; x_wconf 73' lang='lat' dir='ltr'>utriusque&amp;</span> <span class='ocrx_word' id='word_1_302' title='bbox 394 4235 506 4311; x_wconf 86' lang='lat' dir='ltr'>status</span> <span class='ocrx_word' id='word_1_303' title='bbox 538 4238 577 4314; x_wconf 79' lang='lat' dir='ltr'>dc</span> <span class='ocrx_word' id='word_1_304' title='bbox 603 4239 743 4317; x_wconf 79' lang='lat' dir='ltr'>ordinis</span> <span class='ocrx_word' id='word_1_305' title='bbox 772 4240 961 4330; x_wconf 79' lang='lat' dir='ltr'>homines,</span> <span class='ocrx_word' id='word_1_306' title='bbox 1000 4242 1221 4338; x_wconf 85' lang='lat' dir='ltr'>dignitatum</span> <span class='ocrx_word' id='word_1_307' title='bbox 1247 4267 1290 4319; x_wconf 85' lang='lat' dir='ltr'>ac</span> <span class='ocrx_word' id='word_1_308' title='bbox 1325 4245 1551 4322; x_wconf 82' lang='lat' dir='ltr'>Eruditionis</span> <span class='ocrx_word' id='word_1_309' title='bbox 1582 4246 1738 4340; x_wconf 84' lang='lat' dir='ltr'>praecel-</span> 
     </span>
     <span class='ocr_line' id='line_1_33' title="bbox 118 4352 1811 4465; baseline 0.008 -38"><span class='ocrx_word' id='word_1_310' title='bbox 118 4354 231 4428; x_wconf 86' lang='lat' dir='ltr'>lentia</span> <span class='ocrx_word' id='word_1_311' title='bbox 251 4352 522 4439; x_wconf 85' lang='lat' dir='ltr'>celeberrimos,</span> <span class='ocrx_word' id='word_1_312' title='bbox 566 4379 608 4430; x_wconf 88' lang='lat' dir='ltr'>ac</span> <span class='ocrx_word' id='word_1_313' title='bbox 633 4357 827 4436; x_wconf 83' lang='lat' dir='ltr'>subietium</span> <span class='ocrx_word' id='word_1_314' title='bbox 852 4358 961 4459; x_wconf 77' lang='lat' dir='ltr'>ipfiua</span> <span class='ocrx_word' id='word_1_315' title='bbox 993 4363 1167 4459; x_wconf 90' lang='lat' dir='ltr'>populum</span> <span class='ocrx_word' id='word_1_316' title='bbox 1194 4363 1233 4438; x_wconf 92' lang='lat' dir='ltr'>in</span> <span class='ocrx_word' id='word_1_317' title='bbox 1264 4363 1382 4441; x_wconf 85' lang='lat' dir='ltr'>nostra</span> <span class='ocrx_word' id='word_1_318' title='bbox 1410 4367 1625 4448; x_wconf 73' lang='lat' dir='ltr'>Germaniar</span> <span class='ocrx_word' id='word_1_319' title='bbox 1672 4365 1737 4462; x_wconf 91' lang='lat' dir='ltr'>qui</span> <span class='ocrx_word' id='word_1_320' title='bbox 1802 4449 1811 4465; x_wconf 39' lang='lat'><strong>·</strong></span> 
     </span>
     <span class='ocr_line' id='line_1_34' title="bbox 119 4471 1737 4580; baseline 0.009 -32"><span class='ocrx_word' id='word_1_321' title='bbox 119 4471 232 4548; x_wconf 76' lang='lat' dir='ltr'>narce</span> <span class='ocrx_word' id='word_1_322' title='bbox 260 4471 400 4567; x_wconf 76' lang='lat' dir='ltr'>vigiliae</span> <span class='ocrx_word' id='word_1_323' title='bbox 429 4495 532 4549; x_wconf 88' lang='lat' dir='ltr'>meas</span> <span class='ocrx_word' id='word_1_324' title='bbox 560 4474 796 4576; x_wconf 89' lang='lat' dir='ltr'>improbaturi</span> <span class='ocrx_word' id='word_1_325' title='bbox 821 4501 898 4555; x_wconf 90' lang='lat' dir='ltr'>non</span> <span class='ocrx_word' id='word_1_326' title='bbox 926 4478 1026 4566; x_wconf 88' lang='lat' dir='ltr'>sunt,</span> <span class='ocrx_word' id='word_1_327' title='bbox 1066 4486 1174 4580; x_wconf 66' lang='lat' dir='ltr'>quibu</span> <span class='ocrx_word' id='word_1_328' title='bbox 1191 4476 1272 4577; x_wconf 77' lang='lat' dir='ltr'>suir&#39;</span> <span class='ocrx_word' id='word_1_329' title='bbox 1288 4480 1382 4561; x_wconf 84' lang='lat' dir='ltr'>haee</span> <span class='ocrx_word' id='word_1_330' title='bbox 1406 4485 1553 4566; x_wconf 86' lang='lat' dir='ltr'>scribere</span> <span class='ocrx_word' id='word_1_331' title='bbox 1581 4506 1625 4560; x_wconf 88' lang='lat' dir='ltr'>ac</span> <span class='ocrx_word' id='word_1_332' title='bbox 1659 4486 1737 4562; x_wconf 84' lang='lat' dir='ltr'>elu-</span> 
     </span>
     <span class='ocr_line' id='line_1_35' title="bbox 119 4591 1339 4691; baseline 0.006 -21"><span class='ocrx_word' id='word_1_333' title='bbox 119 4594 268 4671; x_wconf 86' lang='lat' dir='ltr'>cubrare</span> <span class='ocrx_word' id='word_1_334' title='bbox 288 4591 433 4668; x_wconf 80' lang='lat' dir='ltr'>aniruua</span> <span class='ocrx_word' id='word_1_335' title='bbox 459 4591 543 4670; x_wconf 77' lang='lat' dir='ltr'>fuit.</span> <span class='ocrx_word' id='word_1_336' title='bbox 722 4606 728 4613; x_wconf 84' lang='grc'><strong><em>’</em></strong></span> <span class='ocrx_word' id='word_1_337' title='bbox 862 4687 865 4691; x_wconf 33' lang='grc'><em>,</em></span> <span class='ocrx_word' id='word_1_338' title='bbox 1319 4650 1339 4687; x_wconf 88' lang='lat'>,</span> 
     </span>
     <span class='ocr_line' id='line_1_36' title="bbox 980 4682 1890 4793; baseline 0.004 -6"><span class='ocrx_word' id='word_1_339' title='bbox 980 4691 1012 4768; x_wconf 76' lang='lat' dir='ltr'>F</span> <span class='ocrx_word' id='word_1_340' title='bbox 1021 4694 1085 4788; x_wconf 77' lang='lat' dir='ltr'>fs</span> <span class='ocrx_word' id='word_1_341' title='bbox 1507 4762 1512 4769; x_wconf 89' lang='lat'><em>-</em></span> <span class='ocrx_word' id='word_1_342' title='bbox 1609 4682 1782 4793; x_wconf 72' lang='lat' dir='ltr'>Quare}</span> <span class='ocrx_word' id='word_1_343' title='bbox 1868 4732 1890 4747; x_wconf 43' lang='lat'>⁸</span> 
     </span>
    </p>
   </div>
   <div class='ocr_carea' id='block_1_7' title="bbox 159 4824 1254 4945">
    <p class='ocr_par' dir='ltr' id='par_1_7' title="bbox 159 4824 1254 4945">
     <span class='ocr_line' id='line_1_37' title="bbox 159 4824 1254 4945; baseline 0.008 -29"><span class='ocrx_word' id='word_1_344' title='bbox 159 4850 194 4932; x_wconf 67' lang='lat'>⁶)</span> <span class='ocrx_word' id='word_1_345' title='bbox 214 4849 296 4917; x_wconf 79' lang='lat' dir='ltr'>Haec</span> <span class='ocrx_word' id='word_1_346' title='bbox 315 4849 506 4938; x_wconf 51' lang='lat' dir='ltr'>moratae</span> <span class='ocrx_word' id='word_1_347' title='bbox 528 4852 627 4920; x_wconf 73' lang='lat' dir='ltr'>Caroli</span> <span class='ocrx_word' id='word_1_348' title='bbox 648 4854 686 4922; x_wconf 85' lang='lat' dir='ltr'>V.</span> <span class='ocrx_word' id='word_1_349' title='bbox 707 4849 790 4938; x_wconf 53' lang='lat' dir='ltr'>dura</span> <span class='ocrx_word' id='word_1_350' title='bbox 808 4824 953 4921; x_wconf 79' lang='lat' dir='ltr'>recitundo</span> <span class='ocrx_word' id='word_1_351' title='bbox 972 4858 1088 4924; x_wconf 70' lang='lat' dir='ltr'>uarias</span> <span class='ocrx_word' id='word_1_352' title='bbox 1100 4854 1254 4945; x_wconf 67' lang='lat' dir='ltr'>puchou.</span> 
     </span>
    </p>
   </div>
   <div class='ocr_carea' id='block_1_8' title="bbox 0 0 2142 5670">
    <p class='ocr_par' dir='ltr' id='par_1_8' title="bbox 0 0 2142 5670">
     <span class='ocr_line' id='line_1_38' title="bbox 0 0 2142 5670; baseline 0 4"><span class='ocrx_word' id='word_1_353' title='bbox 0 0 2142 5670; x_wconf 95' lang='lat' dir='ltr'> </span> 
     </span>
    </p>
   </div>
  </div>
 </body>
</html>
