4276 5670
350 413 355 431 '
488 426 515 502 4
1094 407 1515 506 &moe

590 605 626 659 2.
650 583 730 671 Quo
757 583 799 662 id
832 581 945 662 Auno
959 582 1095 663 fostun
1118 586 1182 672 fit,
1221 586 1285 664 etsr
1302 612 1387 667 cura
1406 588 1574 687 superest,
1598 589 1818 688 spectamen
1836 613 1911 669 non
1931 587 2119 675 estdeter·

497 699 662 790 minare,
686 703 785 803 quod
804 701 904 780 nulia
922 703 1095 782 indubiae
1121 706 1206 784 fidei
1234 719 1475 787 monumenta
1502 717 1660 786 aetatem
1689 707 1848 787 tulerint
1898 708 2117 786 Clarissimus

495 818 726 898 Mabiiionius
739 823 873 901 Anna.
892 824 1033 902 Beued.
1048 826 1205 905 Tomli
1232 851 1266 926 p.
1286 852 1365 904 122.
1391 828 1430 906 S.
1444 825 1594 904 Aitonis
1610 827 1787 905 Aduentnm
1803 831 1849 907 ad
1864 829 2017 907 Annum
2031 849 2115 926 743.

493 936 608 1029 iocat,
633 940 808 1019 scribens:
833 943 1152 1042 „Hocfrrerenrporr
1172 945 1212 1022 in
1227 945 1413 1044 Bojariam
1429 946 1531 1026 venit
1559 950 1597 1022 S.
1615 946 1723 1038 Alto,
1748 948 1961 1026 nobiiiffima
1986 948 2117 1031 Scuto·

428 1080 431 1085 ·
495 1083 604 1148 „rum
629 1072 740 1157 gente
758 1063 987 1162 progenitus,
1022 1063 1226 1164 seceditque
1243 1065 1290 1149 inx
1305 1068 1500 1167 quamdam
1520 1058 1713 1163 Frifmgenfir
1731 1069 1816 1165 Pagi
1837 1067 1962 1145 siluam
1986 1108 2036 1123 -
2066 1107 2116 1122 -

495 1180 584 1270 „vbi
603 1180 824 1285 Mampsaron
845 1183 992 1280 exejus
1006 1184 1157 1261 nomine
1182 1187 1304 1285 postea
1326 1197 1577 1282 nuncupatum
1595 1184 1775 1280 nedr‘fieaar’r.
1791 1230 1841 1246 -
1852 1206 1905 1244 ·-
1930 1185 2116 1271 Quamdiu

412 1390 424 1403 ³
494 1322 570 1388 „eo
589 1298 628 1375 in
650 1299 730 1376 loco
757 1300 891 1381 vixerit
907 1301 1015 1392 Atto,
1042 1322 1164 1402 quoue
1182 1303 1294 1382 Anno
1311 1303 1511 1393 decesserit,
1544 1302 1725 1399 ignorauit
1744 1306 1824 1402 ejus
1844 1306 1942 1386 vitae
1968 1303 2116 1404 scriptor

496 1421 746 1509 „Secuddectmt
761 1419 984 1518 monnau„
1033 1424 1073 1500 In
1091 1424 1193 1503 Astis
1210 1426 1428 1503 Santtorum
1452 1423 1556 1502 Tonn
1574 1426 1629 1501 111.
1655 1428 1694 1502 P.
1711 1427 1752 1503 11.
1775 1449 1855 1526 pag.
1875 1440 1955 1511 218.
1986 1436 2062 1513 not.
2079 1424 2113 1499 b.

408 1643 415 1653 ι
438 1631 442 1639 .
493 1540 633 1620 obitum
657 1537 738 1637 ejus
764 1541 812 1617 ad
836 1541 991 1620 Annum
1012 1540 1221 1654 DCCLXX.
1242 1543 1404 1642 reponit,
1437 1544 1536 1622 diern
1562 1556 1686 1622 autern
1708 1545 1944 1641 emortualem
1962 1545 2006 1623 V.
2027 1543 2114 1619 Idus

492 1657 676 1737 Februarii
697 1658 757 1755 seu
778 1684 813 1755 9.
834 1660 1021 1740 Februarii
1044 1662 1215 1760 adfignat.
1274 1666 1355 1750 Qua
1373 1664 1434 1741 die
1456 1666 1570 1742 etiam
1592 1665 1662 1763 ipse
1688 1664 1725 1740 in
1755 1664 1982 1741 Kalendariis
2007 1663 2114 1740 Atto·

354 1814 358 1821 ·
403 1790 406 1795 '
492 1777 826 1856 monasteriensrbus
851 1803 921 1858 nec
936 1805 1011 1860 non
1026 1782 1065 1859 in
1081 1780 1336 1883 Antiquissima
1349 1783 1616 1884 Eberspergensr
1639 1785 1734 1882 apud
1754 1784 1798 1861 B.
1822 1783 2012 1861 Oeffelium
2027 1786 2113 1859 Rer.

490 1899 593 1977 Boiu
619 1898 737 1996 script.
768 1897 810 1976 T.
829 1899 871 1975 11.
895 1924 928 1999 p.
951 1926 965 1977 r
971 1925 1008 1997 5.
1038 1903 1234 1980 adnotatus
1270 1905 1477 1993 inuenitur,
1522 1927 1642 2004 quaue
1665 1905 1704 1980 in
1724 1901 1883 1981 Ecclesra
1904 1900 2113 2000 Frisrngeusr

400 2035 401 2038 ‘
491 2042 614 2096 annua
633 2016 726 2117 Ejus
754 2020 932 2099 memoria
961 2020 1101 2100 colitur.
1163 2023 1240 2103 Alii
1267 2035 1393 2101 tamen
1424 2021 1567 2102 malunt
1597 2021 1736 2131 obitum
1763 2020 1856 2120 Ejus
1883 2023 1934 2099 ad
1958 2022 2113 2100 Annum

491 2138 623 2217 Christi
645 2148 728 2237 760.
749 2163 884 2239 ponere
905 2150 1134 2220 monument.
1156 2142 1259 2221 Boic.
1282 2145 1327 2222 V.
1345 2143 1391 2220 X.
1413 2165 1447 2243 p.
1463 2165 1548 2242 327.
1596 2141 1829 2242 Lycurgiam,
1852 2165 1928 2245 qua
1944 2164 2010 2240 per
2025 2141 2112 2220 oni·

376 2278 380 2285 ·
489 2261 604 2338 duum
617 2281 704 2337 eum
715 2272 935 2340 venerantur
946 2248 1348 2351 Altomonasterienses,
1363 2263 1425 2339 sua
1448 2287 1561 2340 manu
1582 2261 1857 2360 descriptamad
1875 2262 1920 2340 R.
1935 2263 1974 2335 P.
1991 2262 2113 2339 Buce·

488 2381 604 2458 linum
626 2379 784 2458 nostrum
811 2383 1007 2459 transmifit
1033 2383 1079 2460 R.
1096 2383 1135 2459 P.
1153 2381 1243 2459 Alto
1270 2382 1438 2460 Grindier
1457 2382 1668 2479 Brigitanus
1690 2382 1803 2461 Anno
1829 2389 1934 2483 1640.
1989 2380 2032 2456 iu
2048 2380 2118 2482 111·

487 2500 569 2579 ueis
593 2498 741 2577 solemni
768 2501 858 2577 Ritu
878 2499 969 2597 Ejus
995 2501 1105 2578 festus
1135 2500 1225 2578 Dies
1254 2500 1450 2601 quotannis
1477 2502 1597 2578 ititem
1625 2522 1661 2592 u.
1684 2501 1868 2580 Februarii
1899 2498 2112 2577 celebratur.

488 2620 680 2701 Lestiones
711 2642 797 2700 vero
831 2620 978 2701 secundi
1015 2619 1192 2704 Nocturni
1227 2643 1314 2703 cum
1350 2621 1427 2701 vita
1462 2621 1681 2723 primigenia
1711 2620 1932 2709 discordant,
1977 2619 2111 2705 merito

487 2739 751 2822 emendandae.

352 3042 354 3049 .
501 3058 509 3076 ,
584 3007 619 3083 3.
643 2980 783 3083 symae
802 3004 974 3082 magnam
993 2990 1136 3085 partem
1155 3007 1178 3061 a
1200 2984 1332 3085 Pippiar
1352 2982 1440 3082 Rege
1460 2981 1630 3084 accepisse
1643 2982 1797 3065 traditur
1814 2983 1979 3071 smuo,
2004 2982 2109 3082 isque

489 3129 512 3182 a
536 3102 717 3206 plerisque
739 3105 897 3183 Fundncr
914 3104 1287 3184 Altomonasieriensrs
1308 3104 1525 3192 celebratur,
1549 3127 1677 3183 verum
1695 3103 1961 3181 Fundatiouem
1978 3105 2022 3182 ab
2037 3102 2109 3179 alio

486 3210 763 3309 saumatam
791 3227 971 3304 duntaxat
996 3225 1161 3332 babuisse
1179 3223 1372 3326 Pippinum
1391 3224 1628 3306 vehementer
1655 3223 1822 3324 suspicor,
1863 3248 1976 3324 quum
2008 3222 2110 3299 enim

487 3345 662 3448 Pippinus
682 3347 722 3423 iu
740 3369 864 3444 regem
880 3347 1037 3446 primurn
1055 3345 1223 3425 inunttus
1244 3343 1288 3425 s1t
1306 3347 1419 3435 Auno
1438 3367 1519 3444 751.
1545 3347 1700 3424 Sentius
1723 3369 1813 3445 vero?
1829 3343 1919 3419 Alto
1938 3367 2026 3422 mox
2044 3343 2110 3444 post

487 3476 599 3565 stipor
619 3491 714 3545 moros
727 3472 852 3564 coeperit
871 3452 1041 3562 construere
1061 3471 1231 3543 1511155515
1243 3471 1372 3567 ferrutio
1390 3471 1493 3557 diuino
1509 3483 1601 3565 apra,
1625 3490 1677 3543 ner
1699 3490 1760 3542 non
1777 3463 1999 3568 iisoaasteriurn
2018 3466 2109 3539 11511·

485 3589 654 3688 giosorua,
677 3589 722 3675 δ’
724 3587 899 3685 [5151155115
917 3592 1000 3662 uitas
1013 3601 1169 3663 mammes
1182 3576 1366 3687 qsanfiortt,
1386 3591 1550 3686 secumque
1571 3586 1843 3681 subtonsores,
1867 3597 1908 3664 vt
1926 3583 2039 3659 habet
2053 3582 2108 3659 vi·

485 3718 547 3787 tae
565 3706 709 3815 scriptor
730 3729 767 3782 n
771 3730 818 3811 3.
845 3704 938 3784 des.
934 3708 1140 3803 Bonifan‘ru
1155 3707 1468 3785 MonasteriurnS.
1486 3708 1634 3786 Altonis
1656 3704 1896 3783 construstum
1925 3705 2110 3809 consecra·

485 3829 581 3907 uerit
603 3826 699 3905 circa
718 3848 856 3904 annum
877 3847 982 3927 750.
1007 3826 1143 3926 thote
1156 3827 1269 3906 Anno
1286 3850 1370 3929 755.
1389 3829 1567 3925 Martyris
1583 3836 1798 3911 coronatus·
1831 3824 1948 3924 prima
1976 3823 2106 3901 funda·

483 3935 611 4028 menta
639 3946 865 4035 Monasterii,
907 3956 1104 4048 antequam
1132 3947 1350 4048 Pippinus
1338 3971 1377 4025 m
1405 3949 1544 4044 Regem
1571 3936 1862 4043 inauguraretur,
1895 3940 1989 4041 jetta
2016 3943 2106 4022 suat.

482 4071 595 4150 Porro
619 4056 761 4148 eertum
786 4068 856 4158 eii,
886 4066 1058 4167 deinceps
1077 4067 1475 4147 Altomonasterium
1444 4088 1655 4166 circumque
1671 4066 1812 4145 vicinas
1831 4079 1947 4143 terras
1971 4068 2108 4156 Dium

486 4189 638 4285 Grotficur
663 4188 786 4278 1511155
814 4170 884 4266 has
908 4212 994 4267 vero
1025 4188 1101 4286 jam
1131 4199 1297 4285 tempore
1326 4186 1465 4266 conditi
1497 4187 1606 4301 hujus
1636 4185 1846 4265 Monaiierii
1878 4187 1926 4264 ad
1953 4186 2105 4265 eosdem

485 4310 637 4389 Gueisos
659 4307 821 4410 speduise
839 4331 904 4384 cur
924 4305 1162 4384 dubitemus?
1208 4305 1472 4385 Conditorem
1462 4320 1584 4409 itaque
1599 4304 1806 4384 Monasteru
1823 4297 1860 4382 S
1875 4305 2023 4384 Altonis
2043 4306 2107 4384 aii·

484 4457 595 4534 quern
617 4429 726 4529 hujus
747 4427 905 4506 niutan
908 4451 990 4504 mae
1010 4425 1132 4525 gentis
1154 4424 1254 4521 fuisse
1269 4426 1470 4525 persuasum
1485 4427 1636 4509 omuino
1650 4426 1743 4505 mihi
1762 4427 1889 4505 tabeo.
1937 4426 2106 4507 Radems

355 4572 358 4577 “
484 4567 582 4634 certe
609 4550 758 4650 scripsit.
808 4551 996 4626 Condiurnn
1018 4553 1154 4646 priouon
1183 4549 1342 4623 Ericonem
1362 4546 1466 4643 ferri,
1514 4546 1659 4625 condem
1681 4548 1882 4642 Lycorma
1913 4547 2105 4665 castigatus

481 4686 671 4777 eapropter
697 4672 929 4748 aBrunnero
949 4669 1045 4766 apud
1066 4666 1235 4747 Boisand.
1266 4667 1288 4742 1
1305 4689 1335 4742 o
1358 4692 1393 4744 n.
1415 4693 1447 4744 2.
1495 4668 1639 4767 eoquod
1666 4667 1773 4744 annis
1794 4658 1945 4744 centum
1966 4644 2106 4747 Aitone

413 4866 418 4873 .
481 4795 652 4898 posterior
677 4792 739 4870 hic
759 4790 868 4870 suerit
894 4790 1047 4877 Ludomt
1061 4794 1112 4889 pit
1125 4796 1233 4909 uxoris
1252 4786 1403 4891 Juditbae
1421 4788 1550 4876 Frater,
1576 4788 1688 4868 Erirbo
1707 4783 1800 4881 Wetfi
1812 4784 1914 4882 filisu.
1966 4789 2105 4870 Verum

1192 4978 1197 4983 -
2051 4908 2107 4999 nil
