4276 5670
407 358 481 432 cad
1010 353 1430 448 affimat

616 499 618 504 Ι
771 531 933 645 Epistola
960 537 1214 640 nuncupatoria
1236 534 1291 618 acl
1312 535 1667 630 Aloarm-‚Wmac

502 707 720 786 Reuerendo
742 707 782 783 io
807 708 1169 793 conlocatione
1194 711 1305 787 nobili
1329 711 1414 787 lino
1439 712 1520 787 Dno
1546 716 1674 791 Grralcc
1712 715 1831 792 roro
1851 713 2031 793 Monaste·

405 827 449 904 rii
473 827 613 903 lllootia
636 826 716 910 diui
738 828 906 916 lllartioi,
945 829 992 904 ad
1017 827 1155 905 Vincas
1180 828 1301 905 abbati
1334 829 1835 928 dignilllmo,Augirllils1mi
1863 834 2033 910 Caesaris

406 944 597 1033 KaroHV,
634 968 680 1020 ac
700 944 910 1024 invidiis
860 969 916 1023 mr
938 930 1047 1023 lsom
1069 944 1182 1041 Regis
1206 945 1434 1025 ferdinandi
1461 971 1485 1023 a
1515 946 1669 1027 consillia
1693 944 1915 1074 Augustinus
1947 955 2033 1030 Ma-

385 1064 481 1141 'riuo
506 1062 713 1159 Theologue
738 1065 772 1141 se
796 1063 910 1162 ipsum
934 1065 1182 1142 commendat.

500 1301 623 1386 Quom
652 1322 766 1399 nuper
790 1302 976 1390 audieras,
1015 1300 1200 1377 libbatum
1225 1296 1439 1394 dl'gni'dime.
1483 1272 1640 1380 sladum
1665 1311 1769 1380 tuom
1802 1303 1845 1381 in
1881 1306 2025 1382 concio·-

404 1419 516 1495 oaodr
542 1418 694 1494 Palestra
720 1420 801 1518 (qui
826 1419 905 1516 plus
929 1418 1052 1496 minus
1076 1421 1148 1494 duo
1172 1421 1219 1494 de
1244 1417 1376 1512 viginti
1398 1440 1538 1508 annos,
1577 1420 1826 1520 nescioquam
1850 1423 2030 1513 feliciter,

403 1558 548 1637 quoque
571 1535 704 1621 meu,
743 1550 845 1613 certe
862 1559 934 1612 oon
961 1536 1034 1612 fine
1058 1558 1193 1632 magno
1221 1536 1347 1611 sudore
1371 1535 1463 1611 haut
1487 1549 1559 1629 ¹'sno
1584 1537 1624 1612 in
1652 1539 1734 1613 loco
1765 1538 1942 1637 stipendia
1971 1541 2030 1615 se·

333 1681 335 1685 ·
403 1656 475 1744 cit)
500 1657 674 1731 donatum
700 1658 808 1743 rude,
850 1668 965 1752 atque·
990 1652 1135 1730 Rvodml
1165 1655 1203 1728 io
1237 1653 1376 1730 Clrrllt'o
1401 1653 1570 1743 Patrius¹
1587 1658 1624 1734 dr
1649 1656 1726 1732 Drii
1749 1640 1827 1733 Dni·
1849 1663 1980 1734 Conradi
2003 1684 2031 1733 a

256 1871 258 1874 ῃ
409 1771 572 1871 l'lrrmgcrr,
597 1773 844 1871 Herbipolens.
865 1772 1043 1848 Ecclesae
1067 1764 1296 1847 Cathedmssc
1320 1773 1502 1873 Episcopi,
1528 1775 1631 1850 Dttcir
1654 1774 1840 1851 ommia
1864 1770 2027 1853 clemen·

402 1893 526 1969 offimi·
546 1892 797 1968 munificentia
817 1915 864 1967 ac
884 1891 1122 1978 liberalitate,
1141 1893 1313 1966 eumdem
1338 1893 1451 1966 modo
1472 1891 1622 1990 sibiipsi
1644 1877 1724 1972 soli.
1758 1915 1801 1967 ac
1826 1895 2026 1990 privatam,

402 2011 440 2090 dt
464 2010 650 2097 cochleae,
688 2012 786 2108 quod
808 2010 932 2095 aiunt,
968 2008 1081 2085 vitam
1108 2019 1287 2106 tanquam·
1308 2022 1546 2093 ueteranum,
1581 2031 1628 2084 ac
1649 2009 1847 2086 emeritum
1867 2012 2024 2090 militem

402 2129 542 2216 vivme,
563 2139 796 2225 percontatus
820 2152 879 2214 es,
927 2127 1027 2202 haud
1062 2128 1211 2202 obscure·
1238 2126 1404 2202 hominis'
1431 2126 1637 2223 ingenium,
1684 2126 1747 2206 uel
1770 2131 1821 2205 alr
1842 2128 1925 2227 iplir
1949 2130 2025 2208 nu·

400 2246 542 2324 diorum
567 2246 794 2321 incunabulis
818 2238 1044 2344 exploratum
1069 2245 1344 2342 liabensst'num
1366 2240 1476 2321 domi¹
1491 2247 1584 2322 resen
1609 2256 1788 2346 torpeat,
1812 2250 1850 2329 dc
1876 2249 1932 2325 ita·
1957 2272 2023 2330 vc·

401 2365 560 2442 ullorum
582 2386 704 2449 more,
737 2363 856 2444 veluti
876 2365 931 2440 bis
954 2352 1071 2441 satus
1092 2384 1197 2460 puer,
1224 2364 1325 2441 deses
1348 2363 1457 2459 genio
1479 2360 1679 2460 indulgent.
1702 2370 1708 2403 ³

495 2592 642 2678 tlt'voi·
663 2599 882 2687 intellexisti,
923 2623 983 2677 me
1014 2600 1116 2677 haud
1137 2620 1296 2697 unquam
1328 2599 1561 2689 emaniliua,
1594 2600 1796 2678 etiamnum
1832 2625 1857 2677 a
1877 2610 2024 2678 conon·

291 2746 294 2750 ’
400 2717 536 2798 strenis
553 2719 686 2796 morbo·
701 2720 779 2795 sere
803 2720 991 2805 tremulis,
1037 2718 1241 2796 chalamum
1273 2708 1476 2805 dimittere,
1508 2728 1592 2795 moo'·
1621 2718 1768 2818 quidem
1800 2744 1845 2795 eo
1875 2720 2025 2808 animo,
2100 2710 2124 2721 ”

399 2850 440 2917 vt
465 2861 533 2935 pro
557 2837 778 2936 simplicibus
802 2862 845 2913 ac
865 2837 1036 2923 infirmis,
1077 2840 1142 2913 ab
1144 2820 1376 2925 orthodoxae
1402 2824 1590 2934 religionis
1608 2838 1829 2933 synceritatc
1847 2838 2023 2926 secludis,

400 2968 468 3033 aut
496 2978 564 3053 pro
592 2957 788 3034 firmiter
777 2980 814 3033 m
848 2980 895 3061 ea
923 2957 1125 3043 stantibus,
1161 2955 1200 3033 io
1228 2956 1288 3032 via
1317 2956 1538 3043 retinendis,
1573 2956 1693 3032 diuini
1727 2959 1828 3035 verbi
1856 2957 2018 3052 gladium

399 3072 532 3174 (iaxta
551 3072 719 3171 exiguam
743 3075 837 3152 mihi
858 3054 980 3152 datam
1012 3075 1189 3170 gratiam
1216 3056 1359 3151 vibrare
1378 3074 1491 3150 velim
1512 3058 1753 3173 (quamquam
1778 3076 1815 3154 dc
1842 3074 1930 3151 illud
1953 3098 2025 3173 pro·

397 3194 558 3270 fraterna
579 3193 756 3268 charitate
780 3193 878 3270 votis
897 3193 1071 3268 omnibus
1104 3190 1296 3289 optarim)
1347 3193 1426 3268 Sed
1448 3206 1488 3268 vt
1512 3193 1555 3268 in
1575 3206 1738 3271 veterum
1768 3194 1810 3269 a'c
1832 3192 2023 3270 neotheri

398 3336 522 3389 corum
550 3314 697 3409 syncere
731 3313 958 3415 scribentium
992 3311 1129 3409 scriptis
1159 3311 1383 3408 pellegeodis-
1411 3310 1563 3415 velud
1551 3333 1590 3386 m
1622 3313 1887 3410 vernantiffimo
1918 3325 2024 3388 tran·

397 3431 589 3531 quillitatia
613 3433 750 3519 Plano,
775 3424 967 3529 omnisque
991 3430 1137 3523 generis
1152 3432 1283 3506 florum
1309 3426 1581 3525 fragrantissimo
1606 3428 1751 3505 senilem
1776 3431 1937 3507 animum
1961 3455 2022 3507 re-

398 3573 574 3634 crearem,
610 3573 653 3625 ae
683 3550 847 3625 llosculos
872 3550 961 3623 inde.
984 3549 1186 3624 amenioces
1214 3549 1335 3644 passm
1356 3549 1565 3626 subnotatae
1585 3549 1832 3646 decerperem·
1878 3550 1935 3625 su
1959 3550 2018 3626 in·-

397 3671 503 3746 terlm
526 3693 631 3744 aures
654 3669 743 3744 mihi
772 3668 959 3749 vellicasti,
984 3667 1104 3763 (quod
1129 3667 1257 3764 munt)
1280 3689 1328 3741 ac
1347 3674 1446 3743 orara
1470 3672 1511 3739 cd
1532 3689 1578 3739 roc
1599 3673 1664 3741 rou
1687 3671 1795 3751 coris,
1831 3691 1923 3766 quas
1949 3692 2020 3766 pro
2098 3726 2109 3745 .

264 3826 273 3844 ·
397 3801 460 3866 tua
486 3788 692 3882 integritate
717 3792 754 3864 &
781 3788 941 3881 ingenua·
963 3785 1079 3858 animi
1100 3783 1159 3860 tui·
1190 3785 1230 3858 io
1261 3808 1327 3859 me
1345 3782 1577 3881 propeofiooe
1602 3785 1715 3870 soles,
1756 3807 1829 3860 non
1861 3799 1937 3862 tam
1965 3789 2017 3865 ad

395 3931 463 3984 me·
482 3911 567 3983 darc
595 3908 790 4004 responsorias
815 3915 914 3993 meis„
941 3904 1010 3999 sed
1023 3910 1271 4009 procuratorias,
1306 3919 1346 3980 ut
1372 3902 1637 3979 scribendos..
1669 3905 1765 3980 Inter
1784 3904 1899 3980 multa
1925 3906 2020 3994 alia,

396 4051 490 4126 quae
516 4026 593 4100 Tua
619 4026 833 4102 Reverenda
846 4021 1057 4099 'Paternitas
1079 4016 1177 4096 milri
1199 4018 1441 4114 ligniuicavit,
1466 4025 1502 4094 dc
1522 4017 1646 4120 rrrgocio
1663 4029 1730 4111 ilio,
1755 4014 1832 4119 qaod
1851 4041 1917 4097 tam
1929 4029 2013 4126 slac-

394 4168 452 4222 rrac
469 4163 528 4242 pcc
553 4169 598 4218 mc
622 4166 727 4240 egeras
750 4148 837 4246 istic,
867 4143 905 4221 dc
927 4141 1016 4216 illud
1034 4156 1193 4237 ,quoque
1215 4136 1307 4214 serio·
1329 4134 1549 4215 adlnonuilli
1568 4130 1810 4241 paterneque,
1832 4151 1875 4219 vt
1896 4165 1967 4236 ego·
1989 4167 2016 4221 a
2115 4216 2123 4239 ,

395 4265 536 4362 publico
564 4264 638 4338 iam
664 4264 904 4338 concionandi
928 4281 1077 4337 munere
1103 4254 1302 4346 immunis,
1328 4282 1459 4333 omnes
1480 4252 1622 4353 ingenii
1643 4256 1738 4336 uires
1763 4262 1810 4335 ad
1836 4261 2014 4339 scribendi

393 4385 549 4460 sudium
584 4383 843 4469 accomodem,
886 4405 957 4479 quo
990 4374 1192 4460 Ecclesiae,
1231 4399 1351 4453 aoooa
1378 4374 1452 4453 iam
1485 4366 1623 4475 aliquot
1658 4379 1861 4468 vacillanti,
1901 4393 2014 4483 atque

393 4509 485 4583 adeo
513 4501 637 4579 misere
665 4500 872 4599 diffipatae,
906 4519 1077 4597 promea
1096 4493 1191 4575 uuili
1216 4495 1396 4596 suppetiae
1419 4494 1564 4587 ferrem
