4276 5670
134 464 137 469 .
258 385 307 460 ⁶2
384 335 387 340 Ι
665 395 677 403 “
806 394 1289 484 *eff‘fm
1415 392 1422 409 ’
1559 445 1599 459 „

477 534 1072 678 nnuornrro
1156 568 1669 717 Qunurrnn

258 770 563 861 orricium
590 768 950 900 unsnucrn
980 774 1179 859 manin
1215 773 1329 859 nnn
1358 774 1695 861 macutum
1720 774 1888 907 ANNI,

382 910 385 918 ’
524 910 1600 996 ninsnsnnmnonnnnrconsonum.
1680 1011 1681 1015 Ν
1774 966 1788 990 .

353 1136 387 1207 3.
412 1104 615 1185 Notum-ht
649 1104 817 1181 omnibus
845 1107 1066 1201 presentibus
1100 1111 1136 1186 dr
1170 1107 1317 1206 posteris
1347 1108 1384 1182 in
1415 1107 1486 1184 hoc
1512 1110 1727 1187 Mouasterio
1755 1110 1879 1190 Santli

255 1230 425 1317 Martini,
449 1226 509 1304 sub
537 1223 681 1322 spiritali
702 1222 877 1319 regimine
899 1224 978 1299 Deo
998 1227 1238 1304 militantibus
1261 1229 1358 1327 quod
1376 1224 1623 1322 ego-Bertboldus
1644 1214 1772 1325 quadem
1785 1258 1879 1307 cero·
1908 1247 1952 1321 ’,

255 1359 299 1427 bii
324 1354 431 1424 Albas
453 1347 540 1420 licet
567 1338 790 1444 immeritus,
815 1367 899 1419 cnm
927 1347 1114 1422 communi
1146 1346 1326 1423 Consensu
1352 1347 1390 1423 sit
1421 1347 1611 1438 voluntate
1640 1362 1749 1447 atque
1779 1351 1878 1429 Con·

253 1471 330 1548 silio
353 1471 502 1560 fratrum
529 1462 728 1540 nostrorum
759 1463 883 1556 statui,
905 1526 911 1542 Α.
929 1462 1122 1563 modisque
1151 1465 1318 1569 omnibus
1348 1467 1608 1543 obseruandum
1634 1470 1797 1557 decreui,
1837 1482 1879 1548 vt

214 1669 219 1678 ,
253 1592 291 1667 in
316 1587 476 1688 qualibet
502 1584 561 1660 die
591 1580 780 1668 Sabbathi,
812 1606 895 1656 cum
921 1584 1048 1660 sellum
1079 1609 1151 1659 non
1176 1585 1198 1659 i.
1221 1586 1345 1682 pedit.
1382 1584 1586 1678 miliacum
1616 1588 1776 1665 sollemni
1794 1592 1878 1668 offi·
1906 1569 1909 1576 ’

253 1711 329 1795 cio,
354 1708 393 1785 δι
415 1703 656 1781 ministrorum
678 1714 865 1797 apparatu,
904 1705 951 1777 ob
982 1705 1263 1780 venerationem
1283 1706 1389 1780 beate
1411 1728 1533 1783 manau
1557 1707 1707 1804 virginis
1729 1709 1877 1785 honori·

252 1831 321 1907 fiee
343 1826 557 1908 celebretur,
594 1820 754 1918 quinque
767 1820 897 1906 getiam
923 1817 1116 1898 luminaria
1146 1825 1400 1900 accendantur.
1474 1823 1626 1901 Armorin
1649 1827 1688 1922 o)
1713 1828 1770 1904 vel
1793 1830 1876 1924 ejus

166 2046 168 2051 ι
204 2016 207 2022 .
251 1949 416 2046 adjutore
440 1943 479 2018 in
505 1944 606 2039 Cappa
630 1939 792 2051 Chorum
817 1950 977 2045 tenente.
1029 1943 1136 2025 Quod
1162 1941 1331 2036 sisestum
1357 1945 1495 2036 celebre
1520 1945 1707 2029 inciderit,
1744 1959 1785 2023 vt
1803 1949 1875 2025 hec
1916 1926 1919 1932 ’

251 2065 450 2151 obseruatio
476 2060 592 2136 teneri
622 2083 697 2134 non
726 2061 847 2156 possit,
889 2059 976 2137 seria
1000 2064 1060 2142 Vl.
1093 2063 1298 2157 precedenti
1328 2062 1385 2141 vel
1416 2048 1606 2140 dominica
1630 2065 1872 2163 subsequenti,

114 2257 116 2262 ,
198 2250 210 2258 ..
250 2191 308 2270 vel
336 2187 407 2263 alio
431 2179 563 2279 quouis
586 2178 677 2253 infra
700 2181 940 2256 ebdomadam
966 2183 1049 2257 die:
1084 2208 1168 2259 cum
1199 2183 1488 2286 conueniens&
1518 2188 1736 2278 oportunum
1762 2186 1874 2263 suerit

162 2350 170 2380 i
220 2320 352 2389 ,more
381 2302 482 2379 solito
512 2311 710 2398 peragatur.
778 2303 828 2376 Vt
857 2313 981 2376 autem
1009 2302 1069 2377 die
1104 2303 1239 2379 sabbati
1270 2306 1375 2394 beata
1411 2307 1449 2383 ἀ
1476 2304 1625 2398 gloriosa
1655 2303 1762 2400 Virgo
1848 2331 1905 2395 e,
1948 2352 1958 2367 =

249 2432 474 2527 Xpianorum
503 2429 622 2495 mater
645 2415 697 2491 est
722 2417 896 2494 celebrius
917 2420 1132 2522 honoretur,
1173 2447 1246 2497 non
1270 2423 1383 2496 solum
1413 2422 1450 2496 in
1475 2418 1715 2510 monasteriis,
1740 2422 1786 2500 've
1806 2447 1872 2503 um

7 2559 15 2573 '
157 2543 160 2548 ’
250 2549 361 2626 etiarn
384 2543 421 2618 in
444 2539 612 2616 omnibus
641 2560 733 2636 pene
760 2537 915 2613 ecclesiis
940 2520 1169 2639 frequens&
1196 2541 1341 2616 salubris
1364 2541 1584 2632 consuetudo
1609 2566 1690 2617 non·
1711 2540 1784 2618 fine
1813 2567 1871 2619 ra·

247 2665 361 2749 tionis
381 2672 594 2759 argumento
619 2658 784 2732 obtinuit.
843 2658 937 2734 Cum
963 2659 1045 2735 sane
1073 2661 1145 2734 dici
1176 2639 1277 2759 possit
1302 2665 1339 2739 u
1369 2660 1466 2737 credi
1497 2683 1542 2734 ea
1575 2659 1635 2737 die
1661 2645 1870 2759 propensius

245 2790 284 2868 in
309 2785 486 2860 Laudemv
500 2777 579 2874 ejus
611 2776 771 2857 fidelium
803 2789 946 2853 mentes
977 2778 1125 2855 excitabi
1150 2782 1300 2874 debere,
1330 2803 1455 2878 quam
1484 2783 1613 2855 eadem
1644 2780 1730 2852 felix
1751 2795 1870 2871 mater
1948 2848 1962 2859 .

247 2913 286 2988 &
309 2903 410 2987 omni
432 2886 539 2981 laude
559 2899 678 2992 digna.
728 2896 844 2991 Cujus
873 2898 1032 2974 animam
1058 2898 1282 2994 pertransibit
1307 2900 1466 2994 gladius,
1495 2897 1717 2978 amarissimis
1748 2914 1869 2975 truns-

207 3057 213 3067 ¹
245 3030 321 3123 egit
340 3021 519 3103 lacrimis,
543 3028 665 3114 utpote
692 3015 799 3090 vnico
823 3016 919 3092 vnici
941 3019 1006 3093 filii
1030 3020 1198 3094 destituta
1222 3020 1365 3106 solatio,
1392 3019 1453 3116 qui
1476 3017 1637 3094 animam
1663 3019 1866 3120 quidemin
1953 3026 1959 3051 ³

243 3148 361 3225 cruce
385 3141 524 3217 dudum
546 3136 724 3234 posuerat,
748 3135 934 3210 vulnerato
960 3151 1083 3214 antem
1106 3144 1145 3218 dt
1162 3139 1321 3213 'confollo
1348 3159 1495 3235 corpore
1522 3136 1560 3210 in
1586 3137 1743 3234 sepulcro
1769 3139 1867 3225 inte·⁸
1902 3222 1904 3227 ,
1956 3134 1959 3163 ³

214 3242 216 3245 ⁵
242 3265 314 3361 rim
339 3260 551 3361 quiescebat.
621 3255 718 3333 Cum
750 3254 859 3348 igitur
890 3257 948 3354 pie
971 3259 1111 3332 dicatur
1124 3263 1171 3353 ,dr
1197 3259 1377 3341 credatu,
1418 3256 1504 3354 quia
1524 3256 1688 3350 regnauit
1716 3256 1866 3352 aligno

241 3385 364 3472 Deus,
391 3385 429 3460 ὅ(
451 3378 525 3479 ipsa
544 3374 707 3470 singulari
732 3375 977 3471 prerogatiua,
1004 3379 1041 3455 bt
1068 3377 1209 3453 meritis
1233 3376 1497 3451 ,excellentibus
1524 3378 1568 3449 ad
1590 3375 1652 3449 lilii
1675 3374 1865 3454 sublimata
1932 3366 1935 3377 ’

241 3506 284 3582 sit
302 3505 492 3585 thronum,
516 3522 587 3571 non
616 3496 800 3571 immerito
824 3498 870 3570 ad
901 3494 978 3591 ejus
1009 3497 1224 3573 ineffabilem
1254 3496 1533 3571 misericordiam
1561 3506 1645 3570 vota
1667 3497 1784 3572 nollra
1808 3498 1864 3572 di-
1958 3548 1961 3556 ·

117 3648 120 3653 ·
240 3627 425 3721 riguntur,
452 3632 492 3697 vt
514 3614 705 3714 pronubis
735 3615 795 3713 pio
817 3619 853 3693 a
877 3608 1054 3691 clementi
1081 3615 1175 3699 silio,
1202 3616 1260 3688 cui
1284 3612 1376 3711 pullo
1407 3616 1444 3690 dt
1466 3627 1611 3689 mortuo
1640 3615 1711 3711 ipsa
1739 3615 1863 3693 stimu·
1957 3672 1961 3677 ,

239 3747 277 3822 lo
299 3757 462 3821 materne
487 3735 682 3811 allectionis
711 3735 887 3832 compassa
915 3736 966 3810 est
993 3737 1031 3813 dr
1060 3747 1287 3809 commortua
1311 3733 1504 3830 supplicare
1529 3734 1714 3828 dignetur,
1754 3738 1793 3814 dr
1820 3746 1862 3811 vt

179 3879 209 3961 j
238 3866 275 3944 se
296 3862 427 3939 intime
446 3858 641 3951 diligentes
669 3854 854 3950 agnoscat,
877 3842 1052 3952 nobisque
1075 3854 1325 3950 peccatoribus
1349 3855 1385 3927 in
1411 3852 1538 3929 vltimo
1568 3852 1785 3930 necessitatis
1804 3878 1862 3932 ar·.

239 3984 350 4060 ticulo
378 3979 595 4069 isubueniat3
636 3975 779 4074 quippe
815 3993 924 4072 quam
950 3973 1129 4048 Dominus
1159 3973 1322 4049 omnium
1346 3971 1438 4046 nihil
1457 3994 1593 4067 negans
1619 3969 1784 4048 honorat.
1809 4017 1860 4033 —-
1900 4006 1901 4011 ¹

237 4105 314 4182 Sed
343 4098 509 4199 quamuis
554 4097 593 4170 in
621 4095 701 4189 ejus
736 4093 942 4191 obsequium
982 4108 1083 4168 totus
1112 4107 1152 4169 vt
1179 4093 1329 4186 dignum
1354 4093 1404 4167 est
1427 4093 1584 4166 mundus
1612 4103 1793 4177 occurrat,
1818 4106 1860 4170 vt
1913 4183 1917 4189 1

154 4282 164 4291 .
235 4224 405 4304 laudetur
427 4223 471 4294 ab
495 4214 698 4292 hereditate
730 4214 816 4298 Dei,
850 4214 885 4284 in
913 4212 1034 4287 leticia
1063 4212 1184 4306 gentis
1215 4212 1292 4296 sue,
1330 4234 1459 4288 ornnes
1488 4209 1676 4285 tamenin
1709 4210 1780 4286 hoc
1807 4212 1859 4290 sae

236 4369 297 4435 cro
318 4343 494 4436 degentes
519 4337 599 4409 loco
623 4332 782 4432 specialis
809 4333 987 4429 quaedam
1013 4332 1090 4431 spes
1117 4335 1154 4409 dr
1178 4330 1372 4406 consolatio
1399 4331 1516 4416 sonet,
1552 4352 1597 4402 ex
1618 4328 1724 4426 ipsrus
1752 4333 1858 4429 piilsn

234 4490 296 4544 me
320 4457 448 4540 matris
472 4455 569 4532 velut
597 4452 763 4528 familiari
787 4451 1009 4546 benignitate
1030 4459 1223 4549 concepta,
1265 4473 1347 4557 curn
1378 4474 1449 4523 non
1480 4449 1631 4526 dubium
1655 4448 1856 4529 habeamus

233 4585 322 4683 quin
344 4577 599 4656 sacrosanstum
624 4572 689 4649 lilii
714 4572 763 4651 sui
795 4571 941 4650 Domini
972 4570 1080 4647 nostri
1111 4569 1353 4664 Sanguinem,
1379 4568 1498 4646 celesti
1519 4570 1614 4668 apud
1641 4592 1710 4647 nos
1742 4571 1856 4667 disqo.
1938 4644 1948 4663 .

1728 4688 1856 4767 stione

275 4885 310 4968 ⁶)
332 4880 602 4967 ladapretatinmm
625 4873 735 4946 Voctnn
754 4867 949 4956 obscuriorum
968 4873 1024 4941 alio
1044 4870 1101 4936 loco
1121 4867 1225 4954 rursiu
1246 4872 1455 4949 declarandum
1476 4867 1559 4954 infru
1579 4840 1723 4935 dnbimru.
