4276 5670
263 400 335 478 124
464 370 466 374 ⁸
648 390 651 397 ’
865 377 1285 501 immet·

220 614 223 619 f
358 556 412 634 Illi
438 577 523 635 vero
547 566 622 635 tros
648 557 833 634 incensum
855 559 894 637 dr
920 554 1136 632 candelabra
1161 578 1283 633 coram
1301 553 1406 632 altari
1426 563 1596 631 tenentes
1621 555 1738 634 donec
1761 558 1887 636 omnia

263 674 437 755 finiantur
462 677 549 753 inde
576 699 650 752 non
676 677 881 766 discedunt,
908 674 972 752 nili
999 677 1101 783 ⁴quod
1128 677 1167 752 in
1202 675 1328 754 ordine
1361 676 1421 750 suo
1446 677 1487 748 od
1517 688 1751 751 aammmimem
1782 701 1887 755 acce-

261 796 365 871 dunt
425 795 604 878 Sacerdos
633 817 763 892 corpus
786 795 1010 873 dominicum
1038 797 1221 894 accipiens
1245 798 1283 874 dr
1320 794 1471 871 calicem
1496 793 1604 872 ¹solito
1633 819 1736 873 more
1769 807 1887 896 apem,

261 913 475 1014 incensoque
503 914 666 991 adhibito
692 917 850 1017 lotisque
872 916 1070 1012 digitorum
1097 928 1226 1012 quarm
1239 918 1473 1013 summitatibus
1497 913 1619 1021 tonali¹
1634 912 1723 992 voce
1750 918 1888 994 ledia·

260 1027 347 1137 rnen
374 1038 514 1110 meloni
535 1033 680 1132 incipite
693 1050 694 1055 ‘
708 1039 841 1111 Oranus
858 1043 1014 1134 ‘preceptis
1032 1037 1239 1137 salutariter.
1288 1035 1326 1110 dr
1351 1043 1471 1109 cetera
1497 1033 1668 1128 usquein
1695 1037 1807 1113 finem
1828 1033 1886 1113 da·

259 1160 367 1229 mirica
398 1161 566 1241 oracionis,
613 1169 798 1243 conuentu
829 1154 1085 1252 subjungente:
1135 1155 1197 1231 Sed
1231 1155 1326 1230 libau
1358 1175 1414 1226 aas
1445 1144 1573 1228 αἰπεῖα
1621 1195 1670 1212 -
1719 1174 1884 1232 euenere

259 1271 349 1352 licut
365 1295 456 1349 ‘mos
482 1268 549 1361 eli,
590 1273 749 1379 sequitur
780 1274 898 1350 Libera
921 1300 976 1350 aas
996 1277 1164 1377 mesenus.
1231 1270 1422 1368 Postquam
1446 1270 1553 1367 plane
1580 1259 1676 1348 alito
1701 1291 1758 1371 per
1780 1281 1885 1351 maia

104 1362 137 1506 ¹*
218 1396 225 1409 ‘
248 1391 369 1496 searala¹
395 1414 527 1482 omnes
564 1393 809 1489 responderint
835 1391 958 1480 Amen,
1004 1393 1113 1470 sumit
1135 1397 1172 1469 de
1203 1410 1321 1489 carpere
1346 1394 1460 1465 lamii
1491 1389 1529 1466 dt
1559 1408 1643 1468 cum
1668 1417 1713 1468 co
1751 1405 1885 1490 quanm

256 1534 328 1586 aras
352 1517 455 1586 aaliais
480 1512 674 1588 secundum
698 1512 842 1589 solitum
864 1537 954 1588 crura
971 1512 1062 1608 salia
1084 1519 1183 1588 minii
1204 1506 1238 1588 iu
1260 1517 1380 1586 calicem
1409 1507 1503 1584 nihil
1526 1511 1664 1587 dicens.
1736 1512 1883 1607 seneffi-

157 1630 165 1711 ἴ
255 1641 348 1704 catur
370 1641 471 1704 aaron
498 1638 606 1704 vinum
629 1655 689 1705 narr
711 1634 911 1728 censurium
934 1649 992 1730 per
1020 1651 1127 1728 carpas
1148 1635 1340 1705 dominicam.
1398 1629 1450 1705 Et
1473 1629 1719 1706 communicat
1745 1629 1818 1730 ipse
1841 1633 1883 1712 δι

232 1748 421 1824 ‘sacerdos
449 1749 511 1848 qui
536 1749 653 1826 vicem
675 1749 818 1826 diaconi
840 1751 951 1846 gerit,
974 1753 1075 1828 idern
1102 1751 1164 1849 qui
1187 1751 1286 1847 prius
1307 1748 1449 1826 domini
1475 1749 1607 1842 obtulit
1631 1771 1779 1848 corpus,
1813 1755 1881 1829 de·

255 1868 344 1945 inde
366 1868 456 1945 albis
484 1868 623 1955 induti,
672 1867 756 1944 exin
782 1892 846 1966 per
874 1870 1040 1946 ordinem
1066 1869 1200 1954 ceteri,
1234 1870 1281 1944 ad
1305 1869 1474 1945 ultimum
1503 1867 1649 1945 infirmi.
1722 1869 1881 1967 Tuncsi

255 1988 344 2088 quid
370 1991 416 2065 de
446 1988 644 2065 eucharista
668 1987 818 2084 casinum
841 1989 967 2078 fuerit,
991 1990 1026 2066 is
1051 1990 1114 2090 qui
1137 2001 1282 2088 patenam
1305 1989 1393 2085 iufra
1407 1991 1568 2086 scandam
1592 2000 1673 2064 renat
1696 1990 1743 2065 de
1763 2013 1881 2069 manu

255 2107 449 2186 sacerdotis
464 2107 620 2206 ¹accipit,
645 2132 709 2182 maa
731 2119 853 2182 tautum
881 2104 976 2210 sissia
997 2112 1125 2207 airujas
1148 2110 1238 2205 causta
1256 2116 1387 2206 periculi
1400 2108 1435 2201 fi
1450 2107 1545 2208 farta
1560 2116 1692 2186 amaia
1712 2111 1880 2210 resanata.

43 2192 47 2200 γ
190 2322 196 2331 p
255 2228 525 2306 Communione
545 2227 686 2325 perusta
713 2229 910 2325 exuuiisque
931 2234 1064 2304 candelis
1093 2226 1293 2328 percutitur
1321 2228 1458 2315 tabula,
1482 2239 1523 2307 ut
1548 2227 1614 2304 fiat
1633 2235 1731 2303 araia
1758 2231 1879 2328 vespm·

112 2418 115 2425 .
253 2356 332 2426 rina.
369 2349 531 2424 Exeunt
551 2347 680 2423 fratres
699 2350 791 2444 pedes
812 2353 933 2433 zoara,
962 2351 1000 2426 dc
1029 2347 1064 2423 se
1086 2352 1275 2426 diurnalibus
1302 2356 1439 2424 cature.
1503 2346 1650 2423 Interim
1676 2347 1750 2423 due
1773 2352 1877 2426 tabu-

250 2468 287 2543 le
316 2469 355 2543 in
378 2467 457 2545 vice
483 2467 636 2543 duorum
656 2467 840 2562 ,ignorum
869 2470 1065 2551 ceduntur,
1090 2467 1320 2555 venientibus
1341 2467 1512 2543 fratribus
1533 2468 1569 2540 in
1594 2466 1743 2544 chorum
1763 2473 1880 2568 quam

250 2586 372 2686 plnres
395 2586 661 2684 percutiuntur,
687 2590 724 2664 dr
750 2593 808 2663 dua
831 2596 997 2664 luminaria
1027 2588 1331 2674 reaccenduntur,
1357 2587 1524 2663 secuntur
1548 2587 1692 2683 vesperi.
1730 2628 1780 2643 ·-
1815 2586 1879 2664 Fi-

114 2770 117 2775 .
249 2706 331 2785 nita
360 2705 502 2803 vespera
540 2706 704 2784 custodes
738 2697 893 2804 ecciesre
914 2707 1098 2806 assumptis
1135 2707 1273 2806 aliquot
1298 2709 1345 2784 de
1366 2711 1538 2807 samaiim
1568 2710 1750 2804 mechinia
1786 2729 1878 2796 mox

99 2894 102 2904 .
248 2823 384 2922 singula
413 2824 539 2901 altaria
558 2825 736 2923 incipiunt
764 2828 912 2924 desuper
938 2835 1062 2916 muare,
1101 2826 1258 2924 primurn
1294 2850 1378 2929 curn
1407 2851 1503 2924 aqua,
1544 2826 1677 2903 deinde
1697 2834 1790 2903 uirra:
1827 2831 1877 2908 ed

249 2947 347 3045 quod
372 2945 488 3021 eciam
509 2968 599 3042 opus
621 2969 692 3021 nec
706 2951 832 3044 spongia
857 2961 999 3036 carent,
1033 2948 1230 3046 quemlibet
1254 2947 1438 3023 inhibente
1458 2947 1645 3052 liquorem.
1703 2946 1799 3026 Cum
1818 2964 1878 3048 ta·

251 3067 336 3145 bula
361 3065 489 3142 fratres
511 3066 558 3141 ad
580 3065 769 3160 resedatum
795 3080 991 3158 vocamur,
1015 3069 1076 3147 vbi
1100 3072 1212 3144 nudas
1230 3078 1364 3143 tantum
1383 3063 1492 3140 lario
1514 3066 1603 3142 bini.
1619 3066 1657 3143 da
1682 3067 1758 3143 bini
1779 3070 1877 3146 acci-

114 3212 120 3221 ·
250 3188 368 3287 piant,
437 3181 632 3282 Aquam&
664 3185 704 3262 in
729 3185 904 3284 haccine
934 3186 972 3263 dr
999 3186 1118 3284 postea
1152 3186 1238 3262 illuc
1265 3186 1473 3274 venientes,
1519 3187 1649 3284 quibus
1680 3187 1874 3283 placuerit,

249 3302 386 3388 bibunt.
456 3305 555 3384 Nam
578 3317 687 3400 potus
711 3305 772 3405 qui
789 3307 920 3407 justiciis
945 3306 990 3406 ζ’)
1020 3308 1060 3382 in
1088 3307 1158 3384 hac
1183 3307 1244 3382 die
1269 3310 1317 3382 lis
1347 3305 1567 3388 infunditur,
1602 3306 1646 3380 ab
1676 3297 1876 3402 alonafman'a

178 3435 179 3439 ’
247 3435 281 3505 iar
308 3431 381 3525 esras
406 3442 571 3524 perperam
592 3438 722 3523 utraqre
747 3431 813 3500 vire
839 3431 1017 3521 reintegra
1040 3435 1195 3525 recepitur.
1252 3426 1383 3504 Sermo
1409 3421 1567 3526 Jasrauais
1594 3427 1755 3521 crisostomi
1785 3429 1877 3525 legi·

167 3533 168 3536 ¹
249 3559 309 3625 tur
333 3548 373 3619 ad
399 3551 599 3633 relacionem,
630 3545 692 3644 qui
715 3545 766 3619 est
789 3547 825 3619 da
847 3567 934 3620 crura
960 3549 1004 3633 δ’
1026 3550 1063 3621 da
1089 3556 1153 3623 loir
1206 3598 1217 3620 .
1267 3588 1316 3603 -
1365 3586 1416 3602 -
1465 3544 1552 3619 inde
1579 3547 1625 3621 ad
1647 3545 1769 3622 tabule
1793 3551 1876 3682 pul·

247 3665 427 3745 sacionem
455 3662 494 3738 in
522 3664 747 3743 resetiorium
773 3661 864 3750 itur,
904 3673 945 3742 vt
969 3640 1189 3762 aliquantidum
1214 3669 1250 3741 de
1270 3674 1342 3741 uina
1363 3669 1553 3764 prosilitur,
1589 3666 1636 3740 de
1657 3689 1730 3763 quo
1752 3668 1874 3750 eciam

248 3788 404 3884 radiasse
433 3780 586 3873 rinnai,
621 3785 720 3883 quod
742 3795 866 3860 tamen
889 3809 935 3861 eo
963 3786 1091 3864 ordine
1120 3787 1210 3885 sicut
1237 3789 1376 3882 semper
1408 3787 1449 3861 ad
1468 3788 1660 3939 mmdaium
1676 3784 1754 3863 fieri
1784 3786 1876 3870 solet

250 3906 384 4007 agitur,
409 3903 567 4004 sequitur
591 3911 823 4006 camararium.

442 4201 446 4207 ·
534 4165 630 4253 IN
698 4169 1124 4258 8ΑΒΒΑΤΟ
1198 4165 1579 4254 SANCTO.

342 4422 392 4437 -
440 4420 490 4437 -
538 4420 589 4437 ·-
636 4377 719 4454 Post
738 4346 961 4457 matutinum
988 4333 1137 4455 ornatur
1165 4374 1312 4452 ecclesa
1341 4314 1379 4455 dr
1411 4374 1537 4449 altaria
1559 4381 1681 4471 palliis,
1712 4379 1874 4463 nullum·

44 4570 49 4577 ,
105 4569 108 4572 .
248 4524 318 4603 que
343 4500 495 4578 linteum
519 4496 621 4598 super
645 4496 792 4597 aliquod
821 4500 934 4578 altare
960 4500 1137 4587 mittitur,
1163 4498 1262 4598 quod
1288 4520 1363 4573 non
1391 4495 1434 4571 srt
1462 4503 1572 4593 optim
1595 4501 1742 4577 summm
1791 4505 1872 4582 Pri·

1807 4649 1872 4702 ma

291 4784 531 4870 ).·oldafl
492 4785 609 4865 poiens
629 4783 662 4847 vi
664 4782 771 4852 narii,s
792 4802 832 4843 ex
843 4728 963 4869 flaiads
982 4781 1121 4865 Hagaar's
1139 4780 1259 4845 ctoriae.
1296 4777 1342 4843 Et
1361 4777 1432 4843 aiiii
1447 4745 1568 4866 passm,
1590 4782 1655 4848 uida
1680 4780 1805 4871 Glaffar.
1826 4789 1870 4856 aa

329 4892 442 4974 sarge·
465 4888 579 4956 T.le
597 4888 741 4974 p.1568.
761 4906 840 4972 ang.
