4276 5670
246 486 254 497 .
749 363 756 371 ¹
852 397 1273 493 *elme
1349 434 1352 441 ·
1803 406 1873 464 rar
1967 387 2002 487 “,

243 551 388 657 scanni
408 577 617 678 procedant.
681 577 765 662 Quo
787 576 907 651 eciam
934 576 1093 652 intrante
1111 585 1321 652 conuentus
1347 581 1525 649 nontam
1554 571 1617 671 ipsr
1648 575 1755 668 ow
1777 572 1873 642 nnn-

236 696 1711 802 sffinsdnsfflmaffurgitquamemrrnprmpffipnmm
1773 688 1873 765 nam

246 818 409 921 tabulam
433 829 623 912 percutere
651 814 755 891 desiit
776 837 865 892 mox
891 827 933 888 vt
960 816 1120 890 domnus
1143 816 1252 890 abbas
1272 814 1373 910 prius
1396 813 1445 887 nd
1473 835 1561 887 eum
1583 810 1743 893 acceffit,
1767 829 1884 885 emnv

245 959 318 1036 qne
338 936 379 1010 iu
408 935 540 1010 'ordine
568 935 629 1010 suo
652 934 827 1033 preoeffir.
889 934 961 1016 Qui
988 933 1154 1028 protinus
1187 948 1228 1009 vt
1256 930 1457 1007 consederit
1482 931 1657 1005 diaconus
1679 929 1871 1006 sestiouem

245 1056 306 1132 vbi
341 1053 443 1150 prins
474 1054 657 1129 dimiserat
694 1054 828 1150 repetit
862 1054 999 1128 domno
1034 1053 1165 1126 abbate
1205 1053 1409 1148 ceterisque
1449 1049 1700 1125 ministraturis
1734 1052 1776 1122 ai
1792 1070 1871 1142 gro-

246 1177 319 1247 dn
342 1176 512 1275 sternitur.
589 1176 671 1250 Vno
705 1174 808 1247 versu
847 1172 1001 1270 perietto
1038 1171 1136 1245 Prior
1168 1172 1299 1265 mapsam
1327 1188 1492 1266 porum
1524 1193 1594 1243 ran
1625 1174 1730 1244 nosco
1756 1168 1870 1265 Μή.

248 1293 329 1376 Quo
353 1289 511 1367 cessante
535 1293 695 1367 domnus
718 1292 830 1366 abbas
844 1294 907 1387 firi
919 1289 1042 1384 finctio
1066 1291 1191 1383 stlitem
1217 1294 1273 1363 drt
1295 1291 1540 1372 samsom,
1562 1288 1616 1361 ita
1635 1300 1677 1362 vt
1699 1288 1746 1363 ad
1767 1309 1871 1364 meu·

246 1410 321 1487 sam
345 1410 398 1486 est
422 1411 560 1496 versus,
584 1410 756 1486 ministris
778 1422 924 1485 tantum
948 1411 982 1485 se
1003 1411 1101 1485 inter
1125 1409 1414 1485 benedicendum
1445 1405 1714 1481 inclinantibus.
1777 1407 1871 1482 idox

246 1528 379 1606 lestore
416 1553 507 1626 opus
540 1528 781 1625 interroptrnu
811 1542 1021 1625 repetente,
1069 1530 1144 1627 ipse
1171 1532 1209 1607 dr
1238 1526 1387 1624 preditti
1413 1524 1569 1602 seniores
1596 1526 1817 1624 accipientes
1846 1548 1872 1601 a

247 1647 435 1746 principaii
465 1652 588 1724 mensa
615 1647 715 1745 prius
750 1650 823 1722 illic
852 1649 1032 1746 opposrtos
1066 1651 1104 1726 dr
1131 1647 1170 1722 iu
1201 1661 1356 1746 quantor
1384 1659 1506 1742 partes
1535 1644 1670 1722 diuisos
1693 1657 1800 1720 tow
1825 1644 1872 1732 8

248 1767 464 1864 mnffm
481 1785 577 1863 parts
603 1771 644 1846 cr
672 1767 830 1865 primum
861 1771 902 1841 ci
932 1776 1067 1864 peteres
1098 1766 1219 1864 possea
1245 1769 1287 1839 cd
1313 1773 1440 1850 baon,
1477 1764 1631 1864 quisque
1652 1767 1701 1840 ad
1728 1765 1870 1843 mensas

249 1885 309 1961 fibi
337 1898 589 1984 competentes
619 1876 771 1980 singulis*
795 1886 965 1963 iratribus
999 1886 1154 1983 fingnsas
1183 1889 1317 1983 quadros
1338 1886 1543 1980 porrigunt,
1580 1887 1743 1982 rsndms
1766 1887 1872 1960 dextr·

249 2029 315 2079 ron
336 2030 468 2080 ‚mon
489 2008 647 2102 rrq'usbber
667 2015 728 2080 tab
752 2026 952 2081 mruocrvrr
976 2014 1159 2102 om'piernir.
1208 2003 1311 2079 Tunc
1330 2004 1481 2079 demum
1504 2006 1662 2081 domnus
1680 2005 1773 2081 abba
1792 2005 1872 2081 dia·

251 2146 343 2199 cono
372 2121 507 2222 sibique
538 2123 735 2202 astantibus
765 2126 923 2201 eandem
953 2125 1243 2203 benedinionem
1266 2123 1409 2206 tribuit,
1454 2122 1633 2201 litamen
1668 2126 1807 2201 versum
1829 2125 1871 2200 fi-

251 2243 358 2319 niunt
379 2243 577 2340 inceptum.
627 2246 708 2330 Qne
735 2242 937 2321 benedistio
969 2245 1014 2319 ab
1047 2246 1102 2320 eis
1127 2258 1277 2341 accepta
1304 2265 1369 2340 per
1391 2241 1572 2336 ministros
1601 2245 1743 2320 abbatis
1768 2247 1871 2342 poui-

254 2372 308 2437 tur
331 2363 369 2436 iu
396 2362 583 2460 principali
607 2363 739 2440 mensa.
796 2363 886 2439 Mox
916 2363 1107 2457 r'efcstorrrso
1131 2363 1241 2440 semes
1265 2362 1496 2460 percucieute
1519 2386 1606 2440 cum
1630 2365 1762 2440 malleo
1787 2388 1872 2442 earn

252 2481 486 2578 superquam
509 2486 617 2578 potus
642 2484 812 2559 miscetur
833 2484 995 2559 mensam
1020 2483 1176 2558 seniores
1204 2504 1290 2557 curu
1314 2480 1445 2556 ceteris
1469 2481 1640 2560 ministris
1657 2466 1784 2582 poetar
1810 2510 1873 2562 co-

252 2623 326 2677 ram
354 2600 526 2676 fratribus
559 2603 742 2700 accipiunt
773 2615 973 2701 potumque
1003 2601 1174 2687 afferunt,
1215 2603 1353 2677 domno
1386 2601 1516 2676 abbate
1542 2601 1688 2682 interim
1721 2604 1760 2678 in
1790 2605 1872 2681 ioco

253 2721 305 2796 rbi
328 2718 369 2796 ἀ
392 2719 492 2816 prins
517 2744 649 2816 panem
680 2721 868 2798 benedixit
897 2722 1126 2818 capessente,
1177 2733 1219 2797 vt
1255 2722 1294 2799 dr
1323 2731 1452 2818 potum
1482 2720 1531 2797 ibi
1555 2722 1747 2799 benedicat
1780 2725 1873 2800 &a

253 2838 411 2915 ministro
436 2841 628 2937 accepturu
658 2842 765 2918 Priori
795 2841 930 2916 afferat
981 2841 1161 2917 Stationis
1192 2854 1315 2916 autem
1336 2841 1540 2919 eorumita
1564 2841 1653 2922 erit:
1679 2843 1873 2942 unicuique

253 2960 429 3034 seniorum
452 2957 505 3033 sui
529 2959 714 3055 adjutores
737 2985 850 3060 quam
874 2960 1153 3055 conjunttiffime
1184 2960 1348 3037 affistant.
1408 2959 1541 3037 Sonitu
1561 2962 1776 3039 resettorarii
1800 2962 1873 3039 ces

252 3080 347 3198 sante
371 3092 481 3188 potus
504 3077 648 3156 fisenter
672 3081 916 3166 benedicitur,
943 3085 980 3158 dr
1002 3103 1067 3177 per
1091 3102 1223 3156 manus
1246 3081 1407 3158 osculum
1429 3081 1562 3155 eodem
1585 3083 1713 3159 ordine
1736 3106 1809 3181 quo
1832 3083 1872 3160 dr

251 3200 348 3295 prius
370 3198 478 3295 panis
499 3201 671 3275 omnibus
695 3201 905 3298 porrigitur,
938 3201 1158 3300 quibusdam
1182 3199 1491 3277 discumbentium
1514 3200 1701 3298 postquam
1723 3203 1785 3279 sua
1807 3225 1873 3300 po·

252 3320 329 3395 cala
351 3317 567 3414 susceperint
601 3321 649 3394 ad
674 3319 746 3394 boc
771 3321 1040 3415 adjuuantibus.
1117 3321 1200 3405 Quo
1227 3320 1321 3398 fano
1351 3321 1511 3396 domnus
1536 3320 1647 3394 abbas
1675 3322 1716 3398 dr
1740 3348 1871 3402 omues

253 3439 300 3514 sui
322 3437 554 3533 coadjutores
576 3439 626 3514 ad
648 3441 801 3534 gradum
817 3441 1011 3525 inclinant,
1025 3439 1075 3518 J&
1100 3439 1153 3514 ita
1177 3439 1302 3534 srngusi
1314 3442 1402 3540 sedes
1419 3445 1564 3536 proprias
1581 3426 1722 3536 petunt
1768 3442 1872 3522 Tunc

251 3559 407 3655 primum
441 3572 646 3635 conuentus
671 3560 810 3635 domno
852 3561 973 3638 abbati
1001 3562 1120 3636 donec
1151 3560 1333 3635 consideat
1357 3559 1519 3652 assurgit,
1558 3562 1598 3638 dr
1620 3573 1746 3638 tamen
1776 3565 1873 3639 Pn‘rr

233 3701 273 3783 ‘a
297 3676 486 3775 principali
511 3679 636 3754 mensa
664 3703 737 3753 nou
759 3682 916 3767 recedit,
941 3681 1001 3760 sed
1027 3678 1150 3758 abbati
1174 3686 1394 3775 ostentabat
1414 3682 1503 3755 ccdr't
1570 3677 1670 3757 Huic
1698 3684 1738 3760 dc
1764 3680 1873 3759 serui·
2035 3719 2039 3724 ·

253 3799 388 3872 toribus
411 3796 578 3894 predistis
605 3798 734 3874 fratres
765 3799 820 3873 hii
843 3822 983 3897 panem
1003 3802 1041 3877 dr
1073 3799 1200 3874 viuum
1224 3800 1285 3874 sub
1308 3799 1438 3876 osculis
1464 3820 1641 3877 manuum
1669 3801 1874 3879 ministrant
2033 3864 2037 3869 .

255 3917 313 4043 cpi
336 3920 377 4011 dt
395 3917 536 4012 pridem
561 3919 673 4016 pedes
696 3918 752 3993 eis
773 3918 955 3996 sanabant.
1024 3918 1209 3992 Diaconos
1247 3941 1270 3992 a
1300 3918 1452 3996 sestrone
1475 3941 1551 3993 non
1584 3919 1708 4005 cessat,
1751 3923 1870 3996 donec

257 4059 334 4113 carn
356 4059 471 4132 usque
495 4037 553 4112 ad
566 4038 780 4133 passionem
811 4035 958 4139 Egyqsw
979 4037 1093 4138 Jesus,
1125 4039 1329 4134 protendat
1403 4037 1508 4115 Tunc
1530 4040 1683 4115 demum
1704 4040 1873 4137 inclinat,

260 4155 417 4258 ἅμα
433 4161 583 4253 planam
597 4158 692 4253 fiper
714 4164 886 4251 motogbror
911 4158 1033 4255 ponit,
1058 4159 1192 4234 deinde
1216 4157 1290 4253 ipse
1315 4158 1353 4233 dr
1377 4157 1513 4246 cnaoerss
1538 4158 1643 4255 poscis
1668 4162 1763 4257 snper
1786 4186 1872 4236 ann·

254 4273 315 4369 ,sm
336 4275 563 4352 mactastis
548 4292 654 4371 juxta
677 4278 837 4353 Priorem
864 4277 1077 4363 confident,
1110 4277 1213 4351 finita
1235 4299 1326 4350 cena
1351 4280 1388 4354 ἀ
1413 4280 1551 4352 domno
1574 4277 1702 4354 abbate
1728 4281 1776 4356 ad
1799 4281 1873 4354 sur-

262 4395 411 4488 gendum
435 4404 485 4469 ter
516 4397 646 4490 meson
665 4399 817 4491 marre,
835 4484 837 4489 ¹
855 4399 989 4473 eodem
1023 4397 1152 4472 ordine
1177 4411 1216 4470 vt
1245 4413 1440 4481 venerunt,
1476 4396 1528 4472 fic
1553 4420 1697 4496 qunque
1725 4416 1871 4478 exeunt.

264 4513 352 4590 sinte
375 4509 503 4608 icosium
528 4511 640 4607 ccctfic
664 4516 863 4612 percutitur
887 4516 1010 4591 tabula
1033 4519 1080 4592 ad
1105 4515 1392 4613 completorium.
1454 4510 1640 4591 Diaconus
1662 4523 1761 4591 onon
1783 4543 1872 4596 exu-

266 4642 329 4709 tam
352 4631 499 4726 tnroerfis
517 4639 688 4728 monam
711 4640 870 4730 restruunt,
897 4639 936 4713 dr
960 4635 1091 4734 ipsein
1119 4636 1273 4710 chorum
1305 4635 1414 4709 vadit.
1443 4706 1449 4721 ,
1484 4635 1771 4730 Compsetorium
1792 4662 1872 4738 pre·
2127 4680 2131 4691 ·

257 4752 351 4827 nina
374 4753 545 4829 oracione
570 4754 608 4830 dr
631 4753 861 4839 couseffione,
879 4755 940 4850 snb
954 4755 1076 4850 simon
1100 4760 1138 4830 ab
1163 4777 1224 4830 oro
1238 4777 1348 4850 quoqu
1363 4755 1544 4849 sonim
1566 4763 1711 4853 turpiter
1734 4761 1778 4846 8
1793 4758 1871 4852 fini·
1978 4776 1982 4782 “
2071 4828 2076 4835 .

406 4923 413 4933 ,
1116 4877 1150 4959 Q
1803 4892 1873 4964 tur,
