<?xml version="1.0" encoding="UTF-8"?>
<!DOCTYPE html PUBLIC "-//W3C//DTD XHTML 1.0 Transitional//EN"
    "http://www.w3.org/TR/xhtml1/DTD/xhtml1-transitional.dtd">
<html xmlns="http://www.w3.org/1999/xhtml" xml:lang="en" lang="en">
 <head>
  <title>
</title>
<meta http-equiv="Content-Type" content="text/html;charset=utf-8" />
  <meta name='ocr-system' content='tesseract 3.04.00' />
  <meta name='ocr-capabilities' content='ocr_page ocr_carea ocr_par ocr_line ocrx_word'/>
</head>
<body>
  <div class='ocr_page' id='page_1' title='image "./prodromusmonume00hessgoog_0126.png"; bbox 0 0 4290 5664; ppageno 0'>
   <div class='ocr_carea' id='block_1_1' title="bbox 495 307 1943 624">
    <p class='ocr_par' dir='ltr' id='par_1_1' title="bbox 495 288 1943 647">
     <span class='ocr_line' id='line_1_1' title="bbox 564 307 1871 451; baseline -0.01 0"><span class='ocrx_word' id='word_1_1' title='bbox 564 445 566 451; x_wconf 86' lang='grc'><em>,</em></span> <span class='ocrx_word' id='word_1_2' title='bbox 851 347 1266 446; x_wconf 49' lang='lat' dir='ltr'><strong>amwwma</strong></span> <span class='ocrx_word' id='word_1_3' title='bbox 1618 324 1621 330; x_wconf 69' lang='grc'><strong>’</strong></span> <span class='ocrx_word' id='word_1_4' title='bbox 1803 307 1871 438; x_wconf 70' lang='lat' dir='ltr'><strong>ios</strong></span> 
     </span>
     <span class='ocr_line' id='line_1_2' title="bbox 495 470 1943 624; baseline -0.01 0"><span class='ocrx_word' id='word_1_5' title='bbox 495 470 1629 624; x_wconf 74' lang='lat' dir='ltr'><strong>Pvnrnrcnc10s.nrn-n1.s&#39;u.</strong></span> <span class='ocrx_word' id='word_1_6' title='bbox 1941 514 1943 518; x_wconf 68' lang='lat'>‘</span> 
     </span>
    </p>
   </div>
   <div class='ocr_carea' id='block_1_2' title="bbox 208 690 1874 1403">
    <p class='ocr_par' dir='ltr' id='par_1_2' title="bbox 208 690 1874 1403">
     <span class='ocr_line' id='line_1_3' title="bbox 347 690 1872 808; baseline 0 -26"><span class='ocrx_word' id='word_1_7' title='bbox 347 708 427 792; x_wconf 88' lang='lat' dir='ltr'><strong>Que</strong></span> <span class='ocrx_word' id='word_1_8' title='bbox 462 706 488 782; x_wconf 90' lang='lat' dir='ltr'><strong>s1</strong></span> <span class='ocrx_word' id='word_1_9' title='bbox 526 708 619 785; x_wconf 85' lang='lat' dir='ltr'><strong>infra</strong></span> <span class='ocrx_word' id='word_1_10' title='bbox 652 707 763 786; x_wconf 87' lang='lat' dir='ltr'><strong>LXX.</strong></span> <span class='ocrx_word' id='word_1_11' title='bbox 793 708 950 785; x_wconf 83' lang='lat' dir='ltr'><strong>occurrit</strong></span> <span class='ocrx_word' id='word_1_12' title='bbox 977 721 1121 808; x_wconf 88' lang='lat' dir='ltr'><strong>propter</strong></span> <span class='ocrx_word' id='word_1_13' title='bbox 1150 709 1219 784; x_wconf 91' lang='lat' dir='ltr'><strong>hoc</strong></span> <span class='ocrx_word' id='word_1_14' title='bbox 1251 733 1325 785; x_wconf 90' lang='lat' dir='ltr'><strong>non</strong></span> <span class='ocrx_word' id='word_1_15' title='bbox 1364 690 1415 786; x_wconf 84' lang='lat' dir='ltr'><strong>est</strong></span> <span class='ocrx_word' id='word_1_16' title='bbox 1461 709 1704 786; x_wconf 89' lang='lat' dir='ltr'><strong>dimittendus</strong></span> <span class='ocrx_word' id='word_1_17' title='bbox 1742 716 1872 784; x_wconf 85' lang='lat' dir='ltr'><strong>cantus</strong></span> 
     </span>
     <span class='ocr_line' id='line_1_4' title="bbox 247 825 1869 925; baseline -0.001 -22"><span class='ocrx_word' id='word_1_18' title='bbox 247 827 309 924; x_wconf 90' lang='lat' dir='ltr'><strong>qui</strong></span> <span class='ocrx_word' id='word_1_19' title='bbox 332 827 379 902; x_wconf 89' lang='lat' dir='ltr'><strong>de</strong></span> <span class='ocrx_word' id='word_1_20' title='bbox 402 825 595 903; x_wconf 82' lang='lat' dir='ltr'><strong>natiuitate</strong></span> <span class='ocrx_word' id='word_1_21' title='bbox 630 827 770 903; x_wconf 88' lang='lat' dir='ltr'><strong>domini</strong></span> <span class='ocrx_word' id='word_1_22' title='bbox 806 828 878 902; x_wconf 90' lang='lat' dir='ltr'><strong>huc</strong></span> <span class='ocrx_word' id='word_1_23' title='bbox 906 829 957 906; x_wconf 88' lang='lat' dir='ltr'><strong>est</strong></span> <span class='ocrx_word' id='word_1_24' title='bbox 981 830 1177 904; x_wconf 86' lang='lat' dir='ltr'><strong>translatus</strong></span> <span class='ocrx_word' id='word_1_25' title='bbox 1201 826 1280 903; x_wconf 81' lang='lat' dir='ltr'><strong>siue</strong></span> <span class='ocrx_word' id='word_1_26' title='bbox 1307 828 1343 902; x_wconf 91' lang='lat' dir='ltr'><strong>in</strong></span> <span class='ocrx_word' id='word_1_27' title='bbox 1371 829 1495 925; x_wconf 86' lang='lat' dir='ltr'><strong>ymnis</strong></span> <span class='ocrx_word' id='word_1_28' title='bbox 1527 828 1600 903; x_wconf 82' lang='lat' dir='ltr'><strong>fine</strong></span> <span class='ocrx_word' id='word_1_29' title='bbox 1630 827 1667 901; x_wconf 91' lang='lat' dir='ltr'><strong>in</strong></span> <span class='ocrx_word' id='word_1_30' title='bbox 1701 825 1869 910; x_wconf 89' lang='lat' dir='ltr'><strong>canticis.</strong></span> 
     </span>
     <span class='ocr_line' id='line_1_5' title="bbox 248 945 1872 1052; baseline 0 -32"><span class='ocrx_word' id='word_1_31' title='bbox 248 946 324 1020; x_wconf 78' lang='lat' dir='ltr'><strong>siue</strong></span> <span class='ocrx_word' id='word_1_32' title='bbox 350 945 388 1019; x_wconf 88' lang='lat' dir='ltr'><strong>in</strong></span> <span class='ocrx_word' id='word_1_33' title='bbox 412 945 554 1042; x_wconf 86' lang='lat' dir='ltr'><strong>vespere</strong></span> <span class='ocrx_word' id='word_1_34' title='bbox 586 945 743 1052; x_wconf 87' lang='lat' dir='ltr'><strong>psalmis.</strong></span> <span class='ocrx_word' id='word_1_35' title='bbox 774 989 824 1002; x_wconf 90' lang='lat'>—</span> <span class='ocrx_word' id='word_1_36' title='bbox 861 991 904 1004; x_wconf 92' lang='lat'>-</span> <span class='ocrx_word' id='word_1_37' title='bbox 936 946 985 1004; x_wconf 86' lang='grc'><strong>-’-</strong></span> <span class='ocrx_word' id='word_1_38' title='bbox 1025 949 1066 1022; x_wconf 91' lang='lat' dir='ltr'><strong>Si</strong></span> <span class='ocrx_word' id='word_1_39' title='bbox 1088 946 1182 1023; x_wconf 87' lang='lat' dir='ltr'><strong>infra</strong></span> <span class='ocrx_word' id='word_1_40' title='bbox 1204 948 1313 1039; x_wconf 80' lang='lat' dir='ltr'><strong>LXX.</strong></span> <span class='ocrx_word' id='word_1_41' title='bbox 1340 948 1431 1023; x_wconf 83' lang='lat' dir='ltr'><strong>istud</strong></span> <span class='ocrx_word' id='word_1_42' title='bbox 1461 947 1588 1023; x_wconf 83' lang='lat' dir='ltr'><strong>sestam</strong></span> <span class='ocrx_word' id='word_1_43' title='bbox 1610 946 1782 1033; x_wconf 88' lang='lat' dir='ltr'><strong>occurrit,</strong></span> <span class='ocrx_word' id='word_1_44' title='bbox 1824 945 1872 1020; x_wconf 90' lang='lat' dir='ltr'><strong>ad</strong></span> 
     </span>
     <span class='ocr_line' id='line_1_6' title="bbox 248 1048 1872 1171; baseline -0.001 -31"><span class='ocrx_word' id='word_1_45' title='bbox 248 1065 404 1164; x_wconf 82' lang='lat' dir='ltr'><strong>priorem</strong></span> <span class='ocrx_word' id='word_1_46' title='bbox 434 1063 570 1140; x_wconf 83' lang='lat' dir='ltr'><strong>missam</strong></span> <span class='ocrx_word' id='word_1_47' title='bbox 607 1051 740 1140; x_wconf 67' lang='lat' dir='ltr'><strong>nino</strong></span> <span class='ocrx_word' id='word_1_48' title='bbox 756 1089 828 1140; x_wconf 90' lang='lat' dir='ltr'><strong>non</strong></span> <span class='ocrx_word' id='word_1_49' title='bbox 856 1069 1003 1141; x_wconf 69' lang='lat' dir='ltr'><strong>canitur</strong></span> <span class='ocrx_word' id='word_1_50' title='bbox 1075 1064 1246 1162; x_wconf 86' lang='lat' dir='ltr'><strong>Siquam</strong></span> <span class='ocrx_word' id='word_1_51' title='bbox 1272 1048 1358 1141; x_wconf 72' lang='lat' dir='ltr'><strong>cero</strong></span> <span class='ocrx_word' id='word_1_52' title='bbox 1387 1065 1497 1171; x_wconf 84' lang='lat' dir='ltr'><strong>trium</strong></span> <span class='ocrx_word' id='word_1_53' title='bbox 1526 1075 1611 1140; x_wconf 90' lang='lat' dir='ltr'><strong>ante</strong></span> <span class='ocrx_word' id='word_1_54' title='bbox 1643 1061 1720 1139; x_wconf 85' lang='lat' dir='ltr'><strong>XL.</strong></span> <span class='ocrx_word' id='word_1_55' title='bbox 1755 1064 1872 1140; x_wconf 88' lang='lat' dir='ltr'><strong>domi·</strong></span> 
     </span>
     <span class='ocr_line' id='line_1_7' title="bbox 208 1174 1874 1284; baseline -0.001 -24"><span class='ocrx_word' id='word_1_56' title='bbox 208 1177 215 1186; x_wconf 75' lang='grc'><em>’</em></span> <span class='ocrx_word' id='word_1_57' title='bbox 249 1186 415 1260; x_wconf 87' lang='lat' dir='ltr'><strong>nicarum</strong></span> <span class='ocrx_word' id='word_1_58' title='bbox 447 1182 576 1258; x_wconf 83' lang='lat' dir='ltr'>incidit</span> <span class='ocrx_word' id='word_1_59' title='bbox 602 1183 654 1284; x_wconf 88' lang='lat' dir='ltr'><strong>in</strong></span> <span class='ocrx_word' id='word_1_60' title='bbox 690 1184 798 1279; x_wconf 87' lang='lat' dir='ltr'>priori</span> <span class='ocrx_word' id='word_1_61' title='bbox 831 1185 931 1261; x_wconf 84' lang='lat' dir='ltr'><strong>missa</strong></span> <span class='ocrx_word' id='word_1_62' title='bbox 967 1182 1107 1261; x_wconf 72' lang='lat' dir='ltr'><strong>nauem</strong></span> <span class='ocrx_word' id='word_1_63' title='bbox 1132 1184 1315 1262; x_wconf 90' lang='lat' dir='ltr'><strong>dominice</strong></span> <span class='ocrx_word' id='word_1_64' title='bbox 1346 1174 1494 1281; x_wconf 87' lang='lat' dir='ltr'><strong>recipit:</strong></span> <span class='ocrx_word' id='word_1_65' title='bbox 1532 1186 1592 1260; x_wconf 89' lang='lat' dir='ltr'><strong>sed</strong></span> <span class='ocrx_word' id='word_1_66' title='bbox 1626 1196 1750 1259; x_wconf 88' lang='lat' dir='ltr'><strong>tamen</strong></span> <span class='ocrx_word' id='word_1_67' title='bbox 1782 1183 1874 1259; x_wconf 86' lang='lat' dir='ltr'><strong>iufra</strong></span> 
     </span>
     <span class='ocr_line' id='line_1_8' title="bbox 251 1293 1873 1403; baseline -0.001 -24"><span class='ocrx_word' id='word_1_68' title='bbox 251 1293 497 1381; x_wconf 84' lang='lat' dir='ltr'><strong>ebdomadam</strong></span> <span class='ocrx_word' id='word_1_69' title='bbox 510 1299 621 1378; x_wconf 85' lang='lat' dir='ltr'><strong>idem</strong></span> <span class='ocrx_word' id='word_1_70' title='bbox 647 1293 773 1376; x_wconf 58' lang='lat' dir='ltr'><strong>Datim</strong></span> <span class='ocrx_word' id='word_1_71' title='bbox 796 1328 871 1381; x_wconf 89' lang='lat' dir='ltr'><strong>non</strong></span> <span class='ocrx_word' id='word_1_72' title='bbox 895 1303 1079 1403; x_wconf 87' lang='lat' dir='ltr'><strong>repetitur.</strong></span> <span class='ocrx_word' id='word_1_73' title='bbox 1130 1303 1211 1379; x_wconf 86' lang='lat' dir='ltr'><strong>Post</strong></span> <span class='ocrx_word' id='word_1_74' title='bbox 1236 1303 1373 1402; x_wconf 80' lang='lat' dir='ltr'><strong>missam</strong></span> <span class='ocrx_word' id='word_1_75' title='bbox 1395 1303 1551 1400; x_wconf 89' lang='lat' dir='ltr'>priorem</span> <span class='ocrx_word' id='word_1_76' title='bbox 1575 1302 1739 1378; x_wconf 85' lang='lat' dir='ltr'><strong>custodes</strong></span> <span class='ocrx_word' id='word_1_77' title='bbox 1759 1302 1873 1379; x_wconf 88' lang='lat' dir='ltr'><strong>eccle·</strong></span> 
     </span>
    </p>
   </div>
   <div class='ocr_carea' id='block_1_3' title="bbox 248 1401 1940 1519">
    <p class='ocr_par' dir='ltr' id='par_1_3' title="bbox 248 1401 2065 1519">
     <span class='ocr_line' id='line_1_9' title="bbox 248 1401 1940 1519; baseline -0.003 -20"><span class='ocrx_word' id='word_1_78' title='bbox 248 1422 299 1499; x_wconf 84' lang='lat' dir='ltr'><strong>sre</strong></span> <span class='ocrx_word' id='word_1_79' title='bbox 326 1421 374 1511; x_wconf 78' lang='lat' dir='ltr'><strong>ad</strong></span> <span class='ocrx_word' id='word_1_80' title='bbox 397 1418 435 1498; x_wconf 90' lang='lat' dir='ltr'><strong>S.</strong></span> <span class='ocrx_word' id='word_1_81' title='bbox 460 1419 613 1497; x_wconf 81' lang='lat' dir='ltr'><strong>mariam</strong></span> <span class='ocrx_word' id='word_1_82' title='bbox 638 1421 824 1510; x_wconf 87' lang='lat' dir='ltr'><strong>candelas,</strong></span> <span class='ocrx_word' id='word_1_83' title='bbox 860 1422 1062 1508; x_wconf 69' lang='lat' dir='ltr'><strong>incensum.</strong></span> <span class='ocrx_word' id='word_1_84' title='bbox 1098 1401 1234 1519; x_wconf 74' lang='lat' dir='ltr'><strong>aquam</strong></span> <span class='ocrx_word' id='word_1_85' title='bbox 1256 1422 1480 1499; x_wconf 78' lang='lat' dir='ltr'><strong>beneditiam</strong></span> <span class='ocrx_word' id='word_1_86' title='bbox 1504 1420 1667 1496; x_wconf 79' lang='lat' dir='ltr'><strong>afferunt.</strong></span> <span class='ocrx_word' id='word_1_87' title='bbox 1737 1421 1777 1497; x_wconf 88' lang='lat' dir='ltr'><strong>In</strong></span> <span class='ocrx_word' id='word_1_88' title='bbox 1801 1421 1872 1496; x_wconf 93' lang='lat' dir='ltr'><strong>hac</strong></span> <span class='ocrx_word' id='word_1_89' title='bbox 1935 1428 1940 1435; x_wconf 86' lang='lat'>&#39;</span> 
     </span>
    </p>
   </div>
   <div class='ocr_carea' id='block_1_4' title="bbox 200 1538 1978 2002">
    <p class='ocr_par' dir='ltr' id='par_1_4' title="bbox 200 1538 1978 2002">
     <span class='ocr_line' id='line_1_10' title="bbox 250 1538 1873 1640; baseline -0.002 -22"><span class='ocrx_word' id='word_1_90' title='bbox 250 1544 312 1618; x_wconf 90' lang='lat' dir='ltr'><strong>die</strong></span> <span class='ocrx_word' id='word_1_91' title='bbox 339 1563 457 1638; x_wconf 73' lang='lat' dir='ltr'><strong>neque</strong></span> <span class='ocrx_word' id='word_1_92' title='bbox 471 1538 605 1634; x_wconf 78' lang='lat' dir='ltr'><strong>senones</strong></span> <span class='ocrx_word' id='word_1_93' title='bbox 627 1540 692 1636; x_wconf 90' lang='lat' dir='ltr'><strong>p),</strong></span> <span class='ocrx_word' id='word_1_94' title='bbox 739 1565 858 1639; x_wconf 90' lang='lat' dir='ltr'><strong>neque</strong></span> <span class='ocrx_word' id='word_1_95' title='bbox 889 1560 976 1637; x_wconf 81' lang='lat' dir='ltr'><strong>coppe</strong></span> <span class='ocrx_word' id='word_1_96' title='bbox 1002 1541 1109 1617; x_wconf 81' lang='lat' dir='ltr'><strong>aiicui</strong></span> <span class='ocrx_word' id='word_1_97' title='bbox 1133 1543 1293 1629; x_wconf 87' lang='lat' dir='ltr'><strong>dantur,</strong></span> <span class='ocrx_word' id='word_1_98' title='bbox 1333 1542 1495 1640; x_wconf 81' lang='lat' dir='ltr'><strong>exceptis</strong></span> <span class='ocrx_word' id='word_1_99' title='bbox 1526 1541 1588 1640; x_wconf 92' lang='lat' dir='ltr'><strong>qui</strong></span> <span class='ocrx_word' id='word_1_100' title='bbox 1620 1541 1659 1615; x_wconf 89' lang='lat' dir='ltr'><strong>in</strong></span> <span class='ocrx_word' id='word_1_101' title='bbox 1692 1550 1873 1640; x_wconf 73' lang='lat' dir='ltr'><strong>prespitero</strong></span> 
     </span>
     <span class='ocr_line' id='line_1_11' title="bbox 200 1657 1872 1755; baseline -0.002 -17"><span class='ocrx_word' id='word_1_102' title='bbox 200 1747 201 1750; x_wconf 5' lang='grc' dir='ltr'><strong>Ἴ</strong></span> <span class='ocrx_word' id='word_1_103' title='bbox 249 1659 489 1746; x_wconf 72' lang='lat' dir='ltr'><strong>famulantur,</strong></span> <span class='ocrx_word' id='word_1_104' title='bbox 513 1657 575 1754; x_wconf 90' lang='lat' dir='ltr'><strong>qui</strong></span> <span class='ocrx_word' id='word_1_105' title='bbox 596 1666 740 1735; x_wconf 86' lang='lat' dir='ltr'><strong>tantum</strong></span> <span class='ocrx_word' id='word_1_106' title='bbox 763 1658 856 1736; x_wconf 76' lang='lat' dir='ltr'><strong>irrita</strong></span> <span class='ocrx_word' id='word_1_107' title='bbox 885 1660 1024 1737; x_wconf 86' lang='lat' dir='ltr'><strong>missam</strong></span> <span class='ocrx_word' id='word_1_108' title='bbox 1048 1660 1217 1755; x_wconf 76' lang='lat' dir='ltr'><strong>formidas</strong></span> <span class='ocrx_word' id='word_1_109' title='bbox 1241 1671 1402 1736; x_wconf 88' lang='lat' dir='ltr'><strong>vtuntur.</strong></span> <span class='ocrx_word' id='word_1_110' title='bbox 1451 1658 1690 1736; x_wconf 79' lang='lat' dir='ltr'>solummodo</span> <span class='ocrx_word' id='word_1_111' title='bbox 1714 1663 1872 1739; x_wconf 85' lang='lat' dir='ltr'><strong>domnus</strong></span> 
     </span>
     <span class='ocr_line' id='line_1_12' title="bbox 251 1763 1978 1877; baseline -0.002 -20"><span class='ocrx_word' id='word_1_112' title='bbox 251 1781 359 1857; x_wconf 81' lang='lat' dir='ltr'><strong>Abba</strong></span> <span class='ocrx_word' id='word_1_113' title='bbox 384 1766 443 1855; x_wconf 57' lang='lat' dir='ltr'><strong>&#39;ad</strong></span> <span class='ocrx_word' id='word_1_114' title='bbox 471 1776 725 1875; x_wconf 75' lang='lat' dir='ltr'><strong>processionem</strong></span> <span class='ocrx_word' id='word_1_115' title='bbox 751 1795 874 1877; x_wconf 75' lang='lat' dir='ltr'><strong>eappan</strong></span> <span class='ocrx_word' id='word_1_116' title='bbox 900 1778 1042 1866; x_wconf 89' lang='lat' dir='ltr'><strong>induit,</strong></span> <span class='ocrx_word' id='word_1_117' title='bbox 1084 1802 1193 1876; x_wconf 87' lang='lat' dir='ltr'><strong>quam</strong></span> <span class='ocrx_word' id='word_1_118' title='bbox 1223 1800 1311 1853; x_wconf 86' lang='lat' dir='ltr'><strong>mox</strong></span> <span class='ocrx_word' id='word_1_119' title='bbox 1342 1788 1380 1851; x_wconf 83' lang='lat' dir='ltr'><strong>ot</strong></span> <span class='ocrx_word' id='word_1_120' title='bbox 1412 1801 1510 1853; x_wconf 81' lang='lat' dir='ltr'><strong>cereos</strong></span> <span class='ocrx_word' id='word_1_121' title='bbox 1535 1781 1752 1867; x_wconf 61' lang='lat' dir='ltr'><strong>benedixerit.</strong></span> <span class='ocrx_word' id='word_1_122' title='bbox 1775 1763 1871 1855; x_wconf 75' lang='lat' dir='ltr'><strong>exerit.</strong></span> <span class='ocrx_word' id='word_1_123' title='bbox 1973 1788 1978 1793; x_wconf 85' lang='grc'>’</span> 
     </span>
     <span class='ocr_line' id='line_1_13' title="bbox 236 1880 1872 2002; baseline 0 -25"><span class='ocrx_word' id='word_1_124' title='bbox 236 1901 349 1977; x_wconf 85' lang='lat' dir='ltr'><strong>-Nam</strong></span> <span class='ocrx_word' id='word_1_125' title='bbox 362 1899 501 2002; x_wconf 11' lang='lat' dir='ltr'><strong>*eadem</strong></span> <span class='ocrx_word' id='word_1_126' title='bbox 528 1896 729 1974; x_wconf 74' lang='lat' dir='ltr'><strong>benodisiio</strong></span> <span class='ocrx_word' id='word_1_127' title='bbox 761 1899 808 1972; x_wconf 92' lang='lat' dir='ltr'><strong>ad</strong></span> <span class='ocrx_word' id='word_1_128' title='bbox 839 1896 984 1989; x_wconf 68' lang='lat' dir='ltr'><strong>molestam</strong></span> <span class='ocrx_word' id='word_1_129' title='bbox 1016 1901 1052 1973; x_wconf 80' lang='lat' dir='ltr'><strong>S.</strong></span> <span class='ocrx_word' id='word_1_130' title='bbox 1086 1895 1195 1972; x_wconf 80' lang='lat' dir='ltr'><strong>Maria</strong></span> <span class='ocrx_word' id='word_1_131' title='bbox 1219 1880 1336 1991; x_wconf 68' lang='lat' dir='ltr'><strong>agisar.</strong></span> <span class='ocrx_word' id='word_1_132' title='bbox 1397 1895 1570 1972; x_wconf 85' lang='lat' dir='ltr'><strong>Procesiio</strong></span> <span class='ocrx_word' id='word_1_133' title='bbox 1604 1909 1690 1972; x_wconf 86' lang='lat' dir='ltr'><strong>ante</strong></span> <span class='ocrx_word' id='word_1_134' title='bbox 1721 1901 1872 1979; x_wconf 83' lang='lat' dir='ltr'><strong>terciam</strong></span> 
     </span>
    </p>
   </div>
   <div class='ocr_carea' id='block_1_5' title="bbox 250 2013 1992 2116">
    <p class='ocr_par' dir='ltr' id='par_1_5' title="bbox 250 2013 1992 2116">
     <span class='ocr_line' id='line_1_14' title="bbox 250 2013 1992 2116; baseline 0.002 -22"><span class='ocrx_word' id='word_1_135' title='bbox 250 2017 352 2094; x_wconf 87' lang='lat' dir='ltr'><strong>srest</strong></span> <span class='ocrx_word' id='word_1_136' title='bbox 377 2015 571 2093; x_wconf 85' lang='lat' dir='ltr'><strong>dominica</strong></span> <span class='ocrx_word' id='word_1_137' title='bbox 622 2016 688 2091; x_wconf 89' lang='lat' dir='ltr'><strong>Sin</strong></span> <span class='ocrx_word' id='word_1_138' title='bbox 716 2026 859 2103; x_wconf 88' lang='lat' dir='ltr'><strong>autem,</strong></span> <span class='ocrx_word' id='word_1_139' title='bbox 882 2017 959 2114; x_wconf 90' lang='lat' dir='ltr'><strong>post</strong></span> <span class='ocrx_word' id='word_1_140' title='bbox 980 2017 1131 2094; x_wconf 84' lang='lat' dir='ltr'><strong>terciam</strong></span> <span class='ocrx_word' id='word_1_141' title='bbox 1155 2015 1291 2114; x_wconf 84' lang='lat' dir='ltr'><strong>absque</strong></span> <span class='ocrx_word' id='word_1_142' title='bbox 1314 2013 1518 2093; x_wconf 75' lang='lat' dir='ltr'><strong>sansiorum</strong></span> <span class='ocrx_word' id='word_1_143' title='bbox 1537 2016 1713 2116; x_wconf 84' lang='lat' dir='ltr'><strong>reliquiis,</strong></span> <span class='ocrx_word' id='word_1_144' title='bbox 1752 2020 1790 2098; x_wconf 80' lang='lat' dir='ltr'><strong>dc</strong></span> <span class='ocrx_word' id='word_1_145' title='bbox 1814 2044 1873 2099; x_wconf 89' lang='lat' dir='ltr'><strong>ce-</strong></span> <span class='ocrx_word' id='word_1_146' title='bbox 1988 2100 1992 2108; x_wconf 78' lang='grc'>,</span> 
     </span>
    </p>
   </div>
   <div class='ocr_carea' id='block_1_6' title="bbox 252 2121 744 2252">
    <p class='ocr_par' dir='ltr' id='par_1_6' title="bbox 252 2121 744 2252">
     <span class='ocr_line' id='line_1_15' title="bbox 252 2121 744 2252; baseline -0.01 -39"><span class='ocrx_word' id='word_1_147' title='bbox 252 2147 331 2213; x_wconf 87' lang='lat' dir='ltr'><strong>tero</strong></span> <span class='ocrx_word' id='word_1_148' title='bbox 352 2121 539 2252; x_wconf 11' lang='lat' dir='ltr'><strong>‘apparatu‘</strong></span> <span class='ocrx_word' id='word_1_149' title='bbox 553 2133 680 2228; x_wconf 89' lang='lat' dir='ltr'><strong>agitur.</strong></span> <span class='ocrx_word' id='word_1_150' title='bbox 742 2228 744 2233; x_wconf 68' lang='lat'><em>,</em></span> 
     </span>
    </p>
   </div>
   <div class='ocr_carea' id='block_1_7' title="bbox 208 2317 1878 2601">
    <p class='ocr_par' dir='ltr' id='par_1_7' title="bbox 208 2317 1878 2601">
     <span class='ocr_line' id='line_1_16' title="bbox 208 2317 1876 2480; baseline 0.002 -28"><span class='ocrx_word' id='word_1_151' title='bbox 208 2354 223 2387; x_wconf 65' lang='lat'>⁷</span> <span class='ocrx_word' id='word_1_152' title='bbox 309 2317 314 2325; x_wconf 21' lang='grc'><em>1</em></span> <span class='ocrx_word' id='word_1_153' title='bbox 349 2317 412 2453; x_wconf 86' lang='lat' dir='ltr'><strong>Ad</strong></span> <span class='ocrx_word' id='word_1_154' title='bbox 437 2371 476 2451; x_wconf 91' lang='lat' dir='ltr'><strong>S.</strong></span> <span class='ocrx_word' id='word_1_155' title='bbox 500 2372 656 2452; x_wconf 85' lang='lat' dir='ltr'><strong>Mariam</strong></span> <span class='ocrx_word' id='word_1_156' title='bbox 678 2391 762 2447; x_wconf 91' lang='lat' dir='ltr'><strong>cum</strong></span> <span class='ocrx_word' id='word_1_157' title='bbox 786 2366 1004 2469; x_wconf 83' lang='lat' dir='ltr'><strong>Antiphona</strong></span> <span class='ocrx_word' id='word_1_158' title='bbox 1023 2366 1096 2447; x_wconf 87' lang='lat' dir='ltr'><strong>Aue</strong></span> <span class='ocrx_word' id='word_1_159' title='bbox 1117 2375 1225 2466; x_wconf 81' lang='lat' dir='ltr'><strong>gretia</strong></span> <span class='ocrx_word' id='word_1_160' title='bbox 1244 2368 1333 2469; x_wconf 81' lang='lat' dir='ltr'><strong>piena</strong></span> <span class='ocrx_word' id='word_1_161' title='bbox 1355 2371 1570 2469; x_wconf 81' lang='lat' dir='ltr'><strong>proceditur.</strong></span> <span class='ocrx_word' id='word_1_162' title='bbox 1586 2415 1654 2480; x_wconf 32' lang='lat'><strong>·—⁴</strong></span> <span class='ocrx_word' id='word_1_163' title='bbox 1682 2417 1731 2435; x_wconf 88' lang='lat'><em>-</em></span> <span class='ocrx_word' id='word_1_164' title='bbox 1761 2388 1876 2470; x_wconf 75' lang='lat' dir='ltr'><strong>matio,</strong></span> 
     </span>
     <span class='ocr_line' id='line_1_17' title="bbox 252 2489 1878 2601; baseline 0.005 -32"><span class='ocrx_word' id='word_1_165' title='bbox 252 2494 389 2589; x_wconf 74' lang='lat' dir='ltr'><strong>Exaudi</strong></span> <span class='ocrx_word' id='word_1_166' title='bbox 412 2494 578 2591; x_wconf 76' lang='lat' dir='ltr'><strong>quesumus.</strong></span> <span class='ocrx_word' id='word_1_167' title='bbox 654 2493 773 2601; x_wconf 81' lang='lat' dir='ltr'><strong>Quam</strong></span> <span class='ocrx_word' id='word_1_168' title='bbox 798 2489 858 2565; x_wconf 85' lang='lat' dir='ltr'><strong>iiie</strong></span> <span class='ocrx_word' id='word_1_169' title='bbox 884 2490 1046 2564; x_wconf 80' lang='lat' dir='ltr'><strong>sacerdos</strong></span> <span class='ocrx_word' id='word_1_170' title='bbox 1070 2489 1162 2564; x_wconf 93' lang='lat' dir='ltr'><strong>dicit</strong></span> <span class='ocrx_word' id='word_1_171' title='bbox 1191 2489 1253 2587; x_wconf 90' lang='lat' dir='ltr'><strong>qui</strong></span> <span class='ocrx_word' id='word_1_172' title='bbox 1287 2494 1329 2578; x_wconf 61' lang='grc' dir='ltr'><strong>ἐξ</strong></span> <span class='ocrx_word' id='word_1_173' title='bbox 1352 2489 1483 2584; x_wconf 73' lang='lat' dir='ltr'><strong>‹ffu&#39;nas</strong></span> <span class='ocrx_word' id='word_1_174' title='bbox 1507 2496 1658 2571; x_wconf 72' lang='lat' dir='ltr'><strong>benedicit.</strong></span> <span class='ocrx_word' id='word_1_175' title='bbox 1732 2497 1878 2576; x_wconf 81' lang='lat' dir='ltr'><strong>Deinde</strong></span> 
     </span>
    </p>
   </div>
   <div class='ocr_carea' id='block_1_8' title="bbox 251 2608 2046 2715">
    <p class='ocr_par' dir='ltr' id='par_1_8' title="bbox 251 2608 2046 2715">
     <span class='ocr_line' id='line_1_18' title="bbox 251 2608 2046 2715; baseline 0.001 -23"><span class='ocrx_word' id='word_1_176' title='bbox 251 2615 348 2705; x_wconf 75' lang='lat' dir='ltr'><strong>fasta</strong></span> <span class='ocrx_word' id='word_1_177' title='bbox 371 2613 535 2688; x_wconf 91' lang='lat' dir='ltr'><strong>oratione</strong></span> <span class='ocrx_word' id='word_1_178' title='bbox 557 2635 640 2689; x_wconf 91' lang='lat' dir='ltr'><strong>cum</strong></span> <span class='ocrx_word' id='word_1_179' title='bbox 666 2622 751 2687; x_wconf 89' lang='lat' dir='ltr'><strong>aute</strong></span> <span class='ocrx_word' id='word_1_180' title='bbox 777 2613 816 2689; x_wconf 79' lang='lat' dir='ltr'><strong>dc</strong></span> <span class='ocrx_word' id='word_1_181' title='bbox 839 2621 936 2684; x_wconf 88' lang='lat' dir='ltr'><strong>retro</strong></span> <span class='ocrx_word' id='word_1_182' title='bbox 962 2608 1225 2684; x_wconf 85' lang='lat' dir='ltr'><strong>benedicuntur</strong></span> <span class='ocrx_word' id='word_1_183' title='bbox 1248 2610 1362 2684; x_wconf 88' lang='lat' dir='ltr'><strong>cerei:</strong></span> <span class='ocrx_word' id='word_1_184' title='bbox 1389 2609 1627 2708; x_wconf 85' lang='lat' dir='ltr'><strong>quibuscum</strong></span> <span class='ocrx_word' id='word_1_185' title='bbox 1650 2639 1745 2714; x_wconf 85' lang='lat' dir='ltr'><strong>aqua</strong></span> <span class='ocrx_word' id='word_1_186' title='bbox 1768 2620 1877 2695; x_wconf 90' lang='lat' dir='ltr'><strong>bene·</strong></span> <span class='ocrx_word' id='word_1_187' title='bbox 1921 2660 1923 2663; x_wconf 89' lang='lat'>·</span> <span class='ocrx_word' id='word_1_188' title='bbox 2042 2707 2046 2715; x_wconf 39' lang='lat'><em>,</em></span> 
     </span>
    </p>
   </div>
   <div class='ocr_carea' id='block_1_9' title="bbox 253 2726 1874 2834">
    <p class='ocr_par' dir='ltr' id='par_1_9' title="bbox 253 2726 1874 2834">
     <span class='ocr_line' id='line_1_19' title="bbox 253 2726 1874 2834; baseline 0.001 -23"><span class='ocrx_word' id='word_1_189' title='bbox 253 2733 349 2811; x_wconf 81' lang='lat' dir='ltr'><strong>dista</strong></span> <span class='ocrx_word' id='word_1_190' title='bbox 374 2731 533 2834; x_wconf 74' lang='lat' dir='ltr'><strong>asperis.</strong></span> <span class='ocrx_word' id='word_1_191' title='bbox 567 2742 677 2827; x_wconf 89' lang='lat' dir='ltr'><strong>atque</strong></span> <span class='ocrx_word' id='word_1_192' title='bbox 703 2727 915 2814; x_wconf 82' lang='lat' dir='ltr'><strong>incensatis,</strong></span> <span class='ocrx_word' id='word_1_193' title='bbox 950 2726 1105 2823; x_wconf 88' lang='lat' dir='ltr'><strong>imponit</strong></span> <span class='ocrx_word' id='word_1_194' title='bbox 1129 2727 1306 2802; x_wconf 85' lang='lat' dir='ltr'><strong>armarius</strong></span> <span class='ocrx_word' id='word_1_195' title='bbox 1330 2730 1418 2803; x_wconf 82' lang='lat' dir='ltr'><strong>Ant.</strong></span> <span class='ocrx_word' id='word_1_196' title='bbox 1445 2729 1569 2804; x_wconf 82' lang='lat' dir='ltr'><strong>Lumen</strong></span> <span class='ocrx_word' id='word_1_197' title='bbox 1593 2737 1633 2805; x_wconf 82' lang='lat' dir='ltr'><strong>od</strong></span> <span class='ocrx_word' id='word_1_198' title='bbox 1654 2743 1874 2812; x_wconf 81' lang='lat' dir='ltr'><strong>renelacioaeoc</strong></span> 
     </span>
    </p>
   </div>
   <div class='ocr_carea' id='block_1_10' title="bbox 231 2832 2084 2953">
    <p class='ocr_par' dir='ltr' id='par_1_10' title="bbox 231 2832 2084 2953">
     <span class='ocr_line' id='line_1_20' title="bbox 231 2832 2084 2953; baseline 0.014 -42"><span class='ocrx_word' id='word_1_199' title='bbox 231 2854 305 2927; x_wconf 44' lang='grc'>,.·.</span> <span class='ocrx_word' id='word_1_200' title='bbox 345 2895 395 2910; x_wconf 89' lang='grc'><strong>.-</strong></span> <span class='ocrx_word' id='word_1_201' title='bbox 430 2851 577 2926; x_wconf 73' lang='lat' dir='ltr'><strong>interim</strong></span> <span class='ocrx_word' id='word_1_202' title='bbox 602 2857 679 2925; x_wconf 72' lang='lat' dir='ltr'><strong>cerei</strong></span> <span class='ocrx_word' id='word_1_203' title='bbox 701 2869 764 2943; x_wconf 89' lang='lat' dir='ltr'><strong>per</strong></span> <span class='ocrx_word' id='word_1_204' title='bbox 785 2843 949 2920; x_wconf 87' lang='lat' dir='ltr'><strong>custodes</strong></span> <span class='ocrx_word' id='word_1_205' title='bbox 969 2844 1138 2921; x_wconf 84' lang='lat' dir='ltr'><strong>iratribus</strong></span> <span class='ocrx_word' id='word_1_206' title='bbox 1163 2845 1428 2923; x_wconf 84' lang='lat' dir='ltr'><strong>distribuuntur.</strong></span> <span class='ocrx_word' id='word_1_207' title='bbox 1492 2848 1629 2944; x_wconf 74' lang='lat' dir='ltr'><strong>sfirmr&#39;s</strong></span> <span class='ocrx_word' id='word_1_208' title='bbox 1653 2848 1798 2953; x_wconf 84' lang='lat' dir='ltr'><strong>quoque</strong></span> <span class='ocrx_word' id='word_1_209' title='bbox 1823 2856 1876 2940; x_wconf 83' lang='lat' dir='ltr'><strong>iu·</strong></span> <span class='ocrx_word' id='word_1_210' title='bbox 2007 2840 2009 2844; x_wconf 9' lang='grc' dir='ltr'><em>Α</em></span> <span class='ocrx_word' id='word_1_211' title='bbox 2080 2832 2084 2839; x_wconf 30' lang='lat'><strong>¹</strong></span> 
     </span>
    </p>
   </div>
   <div class='ocr_carea' id='block_1_11' title="bbox 253 2949 1877 3060">
    <p class='ocr_par' dir='ltr' id='par_1_11' title="bbox 253 2949 1877 3072">
     <span class='ocr_line' id='line_1_21' title="bbox 253 2949 1877 3060; baseline 0 -10"><span class='ocrx_word' id='word_1_212' title='bbox 253 2983 315 3060; x_wconf 82' lang='lat' dir='ltr'><strong>ter</strong></span> <span class='ocrx_word' id='word_1_213' title='bbox 338 2968 626 3046; x_wconf 86' lang='lat' dir='ltr'><strong>benedicendum</strong></span> <span class='ocrx_word' id='word_1_214' title='bbox 658 2978 775 3042; x_wconf 83' lang='lat' dir='ltr'><strong>extra-</strong></span> <span class='ocrx_word' id='word_1_215' title='bbox 794 2961 976 3038; x_wconf 81' lang='lat' dir='ltr'><strong>ecclefiam</strong></span> <span class='ocrx_word' id='word_1_216' title='bbox 1011 2963 1050 3038; x_wconf 89' lang='lat' dir='ltr'><strong>S.</strong></span> <span class='ocrx_word' id='word_1_217' title='bbox 1075 2965 1191 3039; x_wconf 84' lang='lat' dir='ltr'><strong>Marie</strong></span> <span class='ocrx_word' id='word_1_218' title='bbox 1217 2965 1335 3040; x_wconf 82' lang='lat' dir='ltr'><strong>versus</strong></span> <span class='ocrx_word' id='word_1_219' title='bbox 1358 2949 1594 3046; x_wconf 82' lang='lat' dir='ltr'><strong>infirmariam</strong></span> <span class='ocrx_word' id='word_1_220' title='bbox 1622 2976 1877 3050; x_wconf 88' lang='lat' dir='ltr'><strong>commoranti·</strong></span> 
     </span>
    </p>
   </div>
   <div class='ocr_carea' id='block_1_12' title="bbox 253 3081 2045 3190">
    <p class='ocr_par' dir='ltr' id='par_1_12' title="bbox 253 3081 2045 3190">
     <span class='ocr_line' id='line_1_22' title="bbox 253 3081 2045 3190; baseline -0.005 -21"><span class='ocrx_word' id='word_1_221' title='bbox 253 3092 342 3177; x_wconf 89' lang='lat' dir='ltr'><strong>bus,</strong></span> <span class='ocrx_word' id='word_1_222' title='bbox 367 3090 430 3187; x_wconf 90' lang='lat' dir='ltr'><strong>qni</strong></span> <span class='ocrx_word' id='word_1_223' title='bbox 453 3087 540 3183; x_wconf 77' lang='lat' dir='ltr'><strong>infre</strong></span> <span class='ocrx_word' id='word_1_224' title='bbox 560 3084 763 3184; x_wconf 83' lang='lat' dir='ltr'><strong>proceffiornm</strong></span> <span class='ocrx_word' id='word_1_225' title='bbox 786 3089 820 3158; x_wconf 78' lang='lat' dir='ltr'><strong>sn</strong></span> <span class='ocrx_word' id='word_1_226' title='bbox 843 3081 958 3173; x_wconf 72' lang='lat' dir='ltr'><strong>ecclesa</strong></span> <span class='ocrx_word' id='word_1_227' title='bbox 978 3087 1214 3167; x_wconf 76' lang='lat' dir='ltr'><strong>cernennentes.</strong></span> <span class='ocrx_word' id='word_1_228' title='bbox 1239 3085 1448 3184; x_wconf 85' lang='lat' dir='ltr'><strong>priusquam</strong></span> <span class='ocrx_word' id='word_1_229' title='bbox 1475 3089 1522 3163; x_wconf 93' lang='lat' dir='ltr'><strong>ad</strong></span> <span class='ocrx_word' id='word_1_230' title='bbox 1544 3089 1680 3167; x_wconf 84' lang='lat' dir='ltr'><strong>missam</strong></span> <span class='ocrx_word' id='word_1_231' title='bbox 1707 3081 1879 3190; x_wconf 82' lang='lat' dir='ltr'><strong>pulsatur,</strong></span> <span class='ocrx_word' id='word_1_232' title='bbox 1992 3156 1996 3161; x_wconf 89' lang='lat'><strong>.</strong></span> <span class='ocrx_word' id='word_1_233' title='bbox 2040 3155 2045 3161; x_wconf 89' lang='grc'><em>,</em></span> 
     </span>
    </p>
   </div>
   <div class='ocr_carea' id='block_1_13' title="bbox 254 3197 1879 3315">
    <p class='ocr_par' dir='ltr' id='par_1_13' title="bbox 254 3197 1879 3315">
     <span class='ocr_line' id='line_1_23' title="bbox 254 3197 1879 3315; baseline 0.002 -30"><span class='ocrx_word' id='word_1_234' title='bbox 254 3212 465 3311; x_wconf 69' lang='lat' dir='ltr'><strong>monasteriem</strong></span> <span class='ocrx_word' id='word_1_235' title='bbox 482 3207 530 3307; x_wconf 90' lang='lat' dir='ltr'><strong>q)</strong></span> <span class='ocrx_word' id='word_1_236' title='bbox 556 3213 630 3315; x_wconf 87' lang='lat' dir='ltr'><strong>nou</strong></span> <span class='ocrx_word' id='word_1_237' title='bbox 658 3197 922 3299; x_wconf 78' lang='lat' dir='ltr'><strong>ihgrediuntur,</strong></span> <span class='ocrx_word' id='word_1_238' title='bbox 947 3215 1065 3300; x_wconf 89' lang='lat' dir='ltr'><strong>neque</strong></span> <span class='ocrx_word' id='word_1_239' title='bbox 1090 3208 1285 3302; x_wconf 84' lang='lat' dir='ltr'><strong>antequam</strong></span> <span class='ocrx_word' id='word_1_240' title='bbox 1308 3229 1405 3282; x_wconf 86' lang='lat' dir='ltr'><strong>cereos</strong></span> <span class='ocrx_word' id='word_1_241' title='bbox 1429 3204 1562 3303; x_wconf 65' lang='lat' dir='ltr'><strong>osone</strong></span> <span class='ocrx_word' id='word_1_242' title='bbox 1583 3208 1669 3286; x_wconf 92' lang='lat' dir='ltr'><strong>inde</strong></span> <span class='ocrx_word' id='word_1_243' title='bbox 1689 3214 1879 3306; x_wconf 80' lang='lat' dir='ltr'><strong>egrediun-</strong></span> 
     </span>
    </p>
   </div>
   <div class='ocr_carea' id='block_1_14' title="bbox 256 3318 2007 3426">
    <p class='ocr_par' dir='ltr' id='par_1_14' title="bbox 256 3318 2007 3426">
     <span class='ocr_line' id='line_1_24' title="bbox 256 3318 2007 3426; baseline 0.001 -20"><span class='ocrx_word' id='word_1_244' title='bbox 256 3341 328 3406; x_wconf 84' lang='lat' dir='ltr'><strong>tur.</strong></span> <span class='ocrx_word' id='word_1_245' title='bbox 377 3325 499 3402; x_wconf 83' lang='lat' dir='ltr'><strong>Finito</strong></span> <span class='ocrx_word' id='word_1_246' title='bbox 522 3324 655 3423; x_wconf 86' lang='lat' dir='ltr'><strong>psasmo</strong></span> <span class='ocrx_word' id='word_1_247' title='bbox 682 3322 838 3421; x_wconf 86' lang='lat' dir='ltr'><strong>sequitur</strong></span> <span class='ocrx_word' id='word_1_248' title='bbox 864 3318 1068 3426; x_wconf 56' lang='lat' dir='ltr'><strong>succipiens</strong></span> <span class='ocrx_word' id='word_1_249' title='bbox 1092 3325 1231 3416; x_wconf 75' lang='lat' dir='ltr'><strong>Symeon.</strong></span> <span class='ocrx_word' id='word_1_250' title='bbox 1266 3365 1315 3379; x_wconf 91' lang='lat'><em>-</em></span> <span class='ocrx_word' id='word_1_251' title='bbox 1351 3367 1400 3385; x_wconf 82' lang='lat'><strong>--</strong></span> <span class='ocrx_word' id='word_1_252' title='bbox 1419 3348 1426 3373; x_wconf 86' lang='lat'><strong>,-</strong></span> <span class='ocrx_word' id='word_1_253' title='bbox 1442 3325 1585 3402; x_wconf 88' lang='lat' dir='ltr'><strong>Deinde</strong></span> <span class='ocrx_word' id='word_1_254' title='bbox 1618 3353 1729 3424; x_wconf 88' lang='lat' dir='ltr'><strong>vsque</strong></span> <span class='ocrx_word' id='word_1_255' title='bbox 1752 3332 1790 3406; x_wconf 89' lang='lat' dir='ltr'><strong>in</strong></span> <span class='ocrx_word' id='word_1_256' title='bbox 1815 3357 1876 3409; x_wconf 80' lang='lat' dir='ltr'><strong>ve·</strong></span> <span class='ocrx_word' id='word_1_257' title='bbox 2000 3323 2007 3331; x_wconf 73' lang='grc'><strong><em>’</em></strong></span> 
     </span>
    </p>
   </div>
   <div class='ocr_carea' id='block_1_15' title="bbox 255 3437 1932 3549">
    <p class='ocr_par' dir='ltr' id='par_1_15' title="bbox 255 3437 1932 3549">
     <span class='ocr_line' id='line_1_25' title="bbox 255 3437 1932 3549; baseline 0.002 -24"><span class='ocrx_word' id='word_1_258' title='bbox 255 3446 425 3525; x_wconf 79' lang='lat' dir='ltr'><strong>stibulum</strong></span> <span class='ocrx_word' id='word_1_259' title='bbox 443 3440 575 3540; x_wconf 68' lang='lat' dir='ltr'><strong>Accipit.</strong></span> <span class='ocrx_word' id='word_1_260' title='bbox 595 3446 716 3517; x_wconf 65' lang='lat' dir='ltr'><strong>⁴‹adorrm</strong></span> <span class='ocrx_word' id='word_1_261' title='bbox 737 3437 916 3516; x_wconf 71' lang='lat' dir='ltr'><strong>thannan.</strong></span> <span class='ocrx_word' id='word_1_262' title='bbox 975 3440 1025 3518; x_wconf 86' lang='lat' dir='ltr'><strong>lbi</strong></span> <span class='ocrx_word' id='word_1_263' title='bbox 1052 3441 1106 3524; x_wconf 70' lang='lat' dir='ltr'><strong>ad⁴</strong></span> <span class='ocrx_word' id='word_1_264' title='bbox 1125 3440 1314 3518; x_wconf 85' lang='lat' dir='ltr'><strong>stationem</strong></span> <span class='ocrx_word' id='word_1_265' title='bbox 1339 3442 1489 3521; x_wconf 87' lang='lat' dir='ltr'><strong>canitur.</strong></span> <span class='ocrx_word' id='word_1_266' title='bbox 1542 3449 1723 3545; x_wconf 75' lang='lat' dir='ltr'><strong>Responsum</strong></span> <span class='ocrx_word' id='word_1_267' title='bbox 1755 3462 1877 3549; x_wconf 81' lang='lat' dir='ltr'><strong>occepit.</strong></span> <span class='ocrx_word' id='word_1_268' title='bbox 1929 3449 1932 3454; x_wconf 72' lang='grc'><strong>’</strong></span> 
     </span>
    </p>
   </div>
   <div class='ocr_carea' id='block_1_16' title="bbox 208 3559 2082 3782">
    <p class='ocr_par' dir='ltr' id='par_1_16' title="bbox 208 3559 2082 3782">
     <span class='ocr_line' id='line_1_26' title="bbox 208 3559 2082 3665; baseline 0 -26"><span class='ocrx_word' id='word_1_269' title='bbox 208 3631 214 3639; x_wconf 92' lang='grc'><em>.</em></span> <span class='ocrx_word' id='word_1_270' title='bbox 255 3567 347 3644; x_wconf 83' lang='lat' dir='ltr'><strong>inde</strong></span> <span class='ocrx_word' id='word_1_271' title='bbox 372 3565 411 3641; x_wconf 90' lang='lat' dir='ltr'><strong>in</strong></span> <span class='ocrx_word' id='word_1_272' title='bbox 436 3565 588 3640; x_wconf 85' lang='lat' dir='ltr'><strong>chorum</strong></span> <span class='ocrx_word' id='word_1_273' title='bbox 623 3581 666 3656; x_wconf 55' lang='lat' dir='ltr'><strong>Pe.</strong></span> <span class='ocrx_word' id='word_1_274' title='bbox 695 3586 763 3640; x_wconf 85' lang='lat' dir='ltr'><strong>curn</strong></span> <span class='ocrx_word' id='word_1_275' title='bbox 796 3565 989 3636; x_wconf 72' lang='lat' dir='ltr'><strong>induruerat.</strong></span> <span class='ocrx_word' id='word_1_276' title='bbox 1029 3559 1100 3634; x_wconf 91' lang='lat' dir='ltr'><strong>Cui</strong></span> <span class='ocrx_word' id='word_1_277' title='bbox 1135 3582 1224 3636; x_wconf 86' lang='lat' dir='ltr'><strong>mox</strong></span> <span class='ocrx_word' id='word_1_278' title='bbox 1250 3559 1457 3658; x_wconf 87' lang='lat' dir='ltr'><strong>adjungitur</strong></span> <span class='ocrx_word' id='word_1_279' title='bbox 1490 3565 1640 3665; x_wconf 81' lang='lat' dir='ltr'><strong>Antiph.</strong></span> <span class='ocrx_word' id='word_1_280' title='bbox 1669 3568 1769 3646; x_wconf 84' lang='lat' dir='ltr'><strong>Hodie</strong></span> <span class='ocrx_word' id='word_1_281' title='bbox 1793 3559 1894 3648; x_wconf 76' lang='lat' dir='ltr'><strong>beata</strong></span> <span class='ocrx_word' id='word_1_282' title='bbox 2044 3591 2082 3665; x_wconf 37' lang='lat' dir='ltr'>j</span> 
     </span>
     <span class='ocr_line' id='line_1_27' title="bbox 256 3680 1976 3782; baseline -0.017 -18"><span class='ocrx_word' id='word_1_283' title='bbox 256 3694 360 3780; x_wconf 82' lang='lat' dir='ltr'><strong>uirgo.</strong></span> <span class='ocrx_word' id='word_1_284' title='bbox 409 3683 592 3781; x_wconf 68' lang='lat' dir='ltr'><strong>Sequitur„</strong></span> <span class='ocrx_word' id='word_1_285' title='bbox 610 3681 722 3759; x_wconf 82' lang='lat' dir='ltr'><strong>Missa.</strong></span> <span class='ocrx_word' id='word_1_286' title='bbox 777 3681 838 3760; x_wconf 82' lang='lat' dir='ltr'><strong>Ao</strong></span> <span class='ocrx_word' id='word_1_287' title='bbox 866 3704 974 3777; x_wconf 91' lang='lat' dir='ltr'><strong>quam</strong></span> <span class='ocrx_word' id='word_1_288' title='bbox 999 3683 1117 3775; x_wconf 74' lang='lat' dir='ltr'><strong>asusujo</strong></span> <span class='ocrx_word' id='word_1_289' title='bbox 1135 3680 1202 3776; x_wconf 79' lang='lat' dir='ltr'><strong>poss</strong></span> <span class='ocrx_word' id='word_1_290' title='bbox 1220 3692 1348 3778; x_wconf 76' lang='lat' dir='ltr'><strong>poturo</strong></span> <span class='ocrx_word' id='word_1_291' title='bbox 1372 3682 1532 3769; x_wconf 87' lang='lat' dir='ltr'><strong>canitur,</strong></span> <span class='ocrx_word' id='word_1_292' title='bbox 1573 3685 1728 3782; x_wconf 81' lang='lat' dir='ltr'><strong>prefacio</strong></span> <span class='ocrx_word' id='word_1_293' title='bbox 1753 3690 1799 3766; x_wconf 90' lang='lat' dir='ltr'><strong>de</strong></span> <span class='ocrx_word' id='word_1_294' title='bbox 1822 3717 1878 3768; x_wconf 72' lang='lat' dir='ltr'><strong>na.</strong></span> <span class='ocrx_word' id='word_1_295' title='bbox 1934 3769 1936 3772; x_wconf 18' lang='grc'><strong>,</strong></span> <span class='ocrx_word' id='word_1_296' title='bbox 1973 3728 1976 3735; x_wconf 88' lang='grc'>.</span> 
     </span>
    </p>
   </div>
   <div class='ocr_carea' id='block_1_17' title="bbox 257 3794 1881 4026">
    <p class='ocr_par' dir='ltr' id='par_1_17' title="bbox 257 3794 1881 4026">
     <span class='ocr_line' id='line_1_28' title="bbox 257 3794 1881 3910; baseline 0.007 -34"><span class='ocrx_word' id='word_1_297' title='bbox 257 3814 384 3902; x_wconf 76' lang='lat' dir='ltr'><strong>sinitote</strong></span> <span class='ocrx_word' id='word_1_298' title='bbox 408 3807 539 3878; x_wconf 82' lang='lat' dir='ltr'><strong>doodni:</strong></span> <span class='ocrx_word' id='word_1_299' title='bbox 579 3801 907 3875; x_wconf 83' lang='lat' dir='ltr'><strong>sedcommunicontes</strong></span> <span class='ocrx_word' id='word_1_300' title='bbox 941 3804 976 3873; x_wconf 85' lang='lat' dir='ltr'><strong>de</strong></span> <span class='ocrx_word' id='word_1_301' title='bbox 1001 3794 1157 3895; x_wconf 74' lang='lat' dir='ltr'><strong>epiphanio</strong></span> <span class='ocrx_word' id='word_1_302' title='bbox 1182 3798 1325 3875; x_wconf 87' lang='lat' dir='ltr'><strong>dicitur.</strong></span> <span class='ocrx_word' id='word_1_303' title='bbox 1397 3801 1449 3910; x_wconf 25' lang='lat' dir='ltr'><strong>Si·</strong></span> <span class='ocrx_word' id='word_1_304' title='bbox 1464 3815 1588 3881; x_wconf 89' lang='lat' dir='ltr'><strong>autem</strong></span> <span class='ocrx_word' id='word_1_305' title='bbox 1618 3805 1669 3881; x_wconf 87' lang='lat' dir='ltr'><strong>est</strong></span> <span class='ocrx_word' id='word_1_306' title='bbox 1696 3809 1881 3887; x_wconf 88' lang='lat' dir='ltr'><strong>dominica</strong></span> 
     </span>
     <span class='ocr_line' id='line_1_29' title="bbox 257 3912 1881 4026; baseline -0.004 -25"><span class='ocrx_word' id='word_1_307' title='bbox 257 3925 363 4005; x_wconf 84' lang='lat' dir='ltr'><strong>finita</strong></span> <span class='ocrx_word' id='word_1_308' title='bbox 386 3921 424 3999; x_wconf 86' lang='lat' dir='ltr'><strong>iu</strong></span> <span class='ocrx_word' id='word_1_309' title='bbox 454 3918 566 3996; x_wconf 87' lang='lat' dir='ltr'><strong>choro</strong></span> <span class='ocrx_word' id='word_1_310' title='bbox 590 3919 786 4017; x_wconf 88' lang='lat' dir='ltr'><strong>antiphona</strong></span> <span class='ocrx_word' id='word_1_311' title='bbox 807 3920 973 4016; x_wconf 71' lang='lat' dir='ltr'><strong>predista.</strong></span> <span class='ocrx_word' id='word_1_312' title='bbox 1024 3917 1196 4014; x_wconf 84' lang='lat' dir='ltr'><strong>Sequitur</strong></span> <span class='ocrx_word' id='word_1_313' title='bbox 1222 3914 1276 3993; x_wconf 74' lang='lat' dir='ltr'><strong>ir.</strong></span> <span class='ocrx_word' id='word_1_314' title='bbox 1295 3919 1365 3992; x_wconf 85' lang='lat' dir='ltr'><strong>Aue</strong></span> <span class='ocrx_word' id='word_1_315' title='bbox 1389 3921 1513 3995; x_wconf 77' lang='lat' dir='ltr'><strong>Morio.</strong></span> <span class='ocrx_word' id='word_1_316' title='bbox 1554 3964 1603 3980; x_wconf 90' lang='lat'><em>-</em></span> <span class='ocrx_word' id='word_1_317' title='bbox 1634 3912 1688 3982; x_wconf 75' lang='grc'><strong>’-</strong></span> <span class='ocrx_word' id='word_1_318' title='bbox 1726 3927 1881 4026; x_wconf 70' lang='lat' dir='ltr'><strong>sequitur</strong></span> 
     </span>
    </p>
   </div>
   <div class='ocr_carea' id='block_1_18' title="bbox 259 4036 2014 4141">
    <p class='ocr_par' dir='ltr' id='par_1_18' title="bbox 259 4036 2014 4141">
     <span class='ocr_line' id='line_1_30' title="bbox 259 4036 2014 4141; baseline 0.002 -20"><span class='ocrx_word' id='word_1_319' title='bbox 259 4043 406 4141; x_wconf 82' lang='lat' dir='ltr'><strong>Tereia,</strong></span> <span class='ocrx_word' id='word_1_320' title='bbox 420 4039 592 4134; x_wconf 75' lang='lat' dir='ltr'><strong>‘fratribus</strong></span> <span class='ocrx_word' id='word_1_321' title='bbox 623 4046 762 4113; x_wconf 78' lang='lat' dir='ltr'><strong>interim·</strong></span> <span class='ocrx_word' id='word_1_322' title='bbox 777 4062 875 4128; x_wconf 82' lang='lat' dir='ltr'><strong>cereos</strong></span> <span class='ocrx_word' id='word_1_323' title='bbox 888 4041 1076 4112; x_wconf 68' lang='lat' dir='ltr'><strong>rennuunt.</strong></span> <span class='ocrx_word' id='word_1_324' title='bbox 1145 4036 1194 4111; x_wconf 90' lang='lat' dir='ltr'><strong>Si·</strong></span> <span class='ocrx_word' id='word_1_325' title='bbox 1217 4038 1374 4114; x_wconf 86' lang='lat' dir='ltr'><strong>dorrmus</strong></span> <span class='ocrx_word' id='word_1_326' title='bbox 1405 4039 1529 4115; x_wconf 85' lang='lat' dir='ltr'><strong>Abbas</strong></span> <span class='ocrx_word' id='word_1_327' title='bbox 1557 4043 1667 4138; x_wconf 85' lang='lat' dir='ltr'><strong>hujus</strong></span> <span class='ocrx_word' id='word_1_328' title='bbox 1699 4045 1772 4122; x_wconf 87' lang='lat' dir='ltr'><strong>diei</strong></span> <span class='ocrx_word' id='word_1_329' title='bbox 1802 4051 1880 4127; x_wconf 87' lang='lat' dir='ltr'><strong>offi·</strong></span> <span class='ocrx_word' id='word_1_330' title='bbox 2011 4096 2014 4103; x_wconf 88' lang='lat'>·</span> 
     </span>
    </p>
   </div>
   <div class='ocr_carea' id='block_1_19' title="bbox 260 4154 2017 4262">
    <p class='ocr_par' dir='ltr' id='par_1_19' title="bbox 260 4154 2017 4262">
     <span class='ocr_line' id='line_1_31' title="bbox 260 4154 2017 4262; baseline 0.001 -23"><span class='ocrx_word' id='word_1_331' title='bbox 260 4162 360 4239; x_wconf 89' lang='lat' dir='ltr'><strong>cium</strong></span> <span class='ocrx_word' id='word_1_332' title='bbox 386 4183 461 4236; x_wconf 90' lang='lat' dir='ltr'><strong>nou</strong></span> <span class='ocrx_word' id='word_1_333' title='bbox 486 4158 580 4253; x_wconf 86' lang='lat' dir='ltr'><strong>agit,</strong></span> <span class='ocrx_word' id='word_1_334' title='bbox 621 4158 782 4235; x_wconf 88' lang='lat' dir='ltr'><strong>sacerdos</strong></span> <span class='ocrx_word' id='word_1_335' title='bbox 808 4158 846 4233; x_wconf 92' lang='lat' dir='ltr'><strong>id</strong></span> <span class='ocrx_word' id='word_1_336' title='bbox 870 4159 1011 4234; x_wconf 71' lang='lat' dir='ltr'><strong>adorus</strong></span> <span class='ocrx_word' id='word_1_337' title='bbox 1043 4155 1129 4231; x_wconf 79' lang='lat' dir='ltr'><strong>stola</strong></span> <span class='ocrx_word' id='word_1_338' title='bbox 1156 4154 1306 4232; x_wconf 87' lang='lat' dir='ltr'><strong>indutus</strong></span> <span class='ocrx_word' id='word_1_339' title='bbox 1340 4158 1387 4234; x_wconf 90' lang='lat' dir='ltr'><strong>ad</strong></span> <span class='ocrx_word' id='word_1_340' title='bbox 1418 4161 1672 4257; x_wconf 74' lang='lat' dir='ltr'><strong>processionem</strong></span> <span class='ocrx_word' id='word_1_341' title='bbox 1700 4176 1818 4262; x_wconf 81' lang='lat' dir='ltr'><strong>priores</strong></span> <span class='ocrx_word' id='word_1_342' title='bbox 1845 4174 1880 4245; x_wconf 84' lang='lat' dir='ltr'><strong>in</strong></span> <span class='ocrx_word' id='word_1_343' title='bbox 2011 4160 2017 4171; x_wconf 85' lang='lat'>&#39;</span> 
     </span>
    </p>
   </div>
   <div class='ocr_carea' id='block_1_20' title="bbox 1793 4281 1980 4369">
    <p class='ocr_par' dir='ltr' id='par_1_20' title="bbox 1793 4281 1980 4369">
     <span class='ocr_line' id='line_1_32' title="bbox 1793 4281 1980 4369; baseline 0.032 -6"><span class='ocrx_word' id='word_1_344' title='bbox 1793 4281 1881 4364; x_wconf 81' lang='lat' dir='ltr'><strong>osum</strong></span> <span class='ocrx_word' id='word_1_345' title='bbox 1971 4362 1980 4369; x_wconf 76' lang='grc'><strong><em>,</em></strong></span> 
     </span>
    </p>
   </div>
   <div class='ocr_carea' id='block_1_21' title="bbox 202 4415 1342 4508">
    <p class='ocr_par' dir='ltr' id='par_1_21' title="bbox 202 4415 1342 4508">
     <span class='ocr_line' id='line_1_33' title="bbox 202 4415 1342 4508; baseline 0 -22"><span class='ocrx_word' id='word_1_346' title='bbox 202 4459 212 4469; x_wconf 83' lang='lat'><em>·</em></span> <span class='ocrx_word' id='word_1_347' title='bbox 304 4423 345 4508; x_wconf 94' lang='lat' dir='ltr'><strong>p)</strong></span> <span class='ocrx_word' id='word_1_348' title='bbox 366 4420 460 4488; x_wconf 81' lang='lat' dir='ltr'><strong>Hodie</strong></span> <span class='ocrx_word' id='word_1_349' title='bbox 478 4420 651 4504; x_wconf 77' lang='lat' dir='ltr'><strong>manipulos</strong></span> <span class='ocrx_word' id='word_1_350' title='bbox 671 4436 823 4496; x_wconf 73' lang='lat' dir='ltr'><strong>vocamus,</strong></span> <span class='ocrx_word' id='word_1_351' title='bbox 845 4428 931 4484; x_wconf 74' lang='lat' dir='ltr'><strong>erent</strong></span> <span class='ocrx_word' id='word_1_352' title='bbox 951 4415 1020 4484; x_wconf 79' lang='lat' dir='ltr'><strong>vero</strong></span> <span class='ocrx_word' id='word_1_353' title='bbox 1038 4418 1193 4501; x_wconf 75' lang='lat' dir='ltr'><strong>mappulae</strong></span> <span class='ocrx_word' id='word_1_354' title='bbox 1213 4421 1342 4497; x_wconf 80' lang='lat' dir='ltr'><strong>Licere.</strong></span> 
     </span>
    </p>
   </div>
   <div class='ocr_carea' id='block_1_22' title="bbox 304 4543 1880 4798">
    <p class='ocr_par' dir='ltr' id='par_1_22' title="bbox 304 4543 1880 4798">
     <span class='ocr_line' id='line_1_34' title="bbox 304 4543 1880 4678; baseline -0.001 -23"><span class='ocrx_word' id='word_1_355' title='bbox 304 4589 341 4678; x_wconf 81' lang='lat' dir='ltr'><strong>q)</strong></span> <span class='ocrx_word' id='word_1_356' title='bbox 363 4556 527 4672; x_wconf 81' lang='lat' dir='ltr'><strong>Templum</strong></span> <span class='ocrx_word' id='word_1_357' title='bbox 550 4543 616 4650; x_wconf 76' lang='lat' dir='ltr'><strong>sude</strong></span> <span class='ocrx_word' id='word_1_358' title='bbox 640 4587 822 4652; x_wconf 83' lang='lat' dir='ltr'><strong>Monasteria</strong></span> <span class='ocrx_word' id='word_1_359' title='bbox 839 4583 896 4670; x_wconf 83' lang='lat' dir='ltr'><strong>seu</strong></span> <span class='ocrx_word' id='word_1_360' title='bbox 923 4585 1057 4652; x_wconf 84' lang='lat' dir='ltr'><strong>Munster</strong></span> <span class='ocrx_word' id='word_1_361' title='bbox 1084 4597 1225 4650; x_wconf 81' lang='lat' dir='ltr'><strong>uocantur</strong></span> <span class='ocrx_word' id='word_1_362' title='bbox 1253 4588 1375 4676; x_wconf 78' lang='lat' dir='ltr'><strong>claustra</strong></span> <span class='ocrx_word' id='word_1_363' title='bbox 1404 4586 1657 4662; x_wconf 67' lang='lat' dir='ltr'><strong>[comissantes.</strong></span> <span class='ocrx_word' id='word_1_364' title='bbox 1682 4594 1759 4677; x_wconf 71' lang='lat' dir='ltr'><strong>perois</strong></span> <span class='ocrx_word' id='word_1_365' title='bbox 1778 4615 1880 4662; x_wconf 67' lang='lat' dir='ltr'><strong>nome„</strong></span> 
     </span>
     <span class='ocr_line' id='line_1_35' title="bbox 347 4690 1836 4798; baseline 0.001 -36"><span class='ocrx_word' id='word_1_366' title='bbox 347 4694 431 4763; x_wconf 75' lang='lat' dir='ltr'><strong>mm</strong></span> <span class='ocrx_word' id='word_1_367' title='bbox 450 4693 582 4783; x_wconf 81' lang='lat' dir='ltr'><strong>Eccsefiis</strong></span> <span class='ocrx_word' id='word_1_368' title='bbox 603 4696 689 4759; x_wconf 72' lang='lat' dir='ltr'><strong>uiam</strong></span> <span class='ocrx_word' id='word_1_369' title='bbox 715 4690 933 4759; x_wconf 77' lang='lat' dir='ltr'><strong>Caenearouoos</strong></span> <span class='ocrx_word' id='word_1_370' title='bbox 954 4701 1095 4778; x_wconf 67' lang='lat' dir='ltr'><strong>optatum</strong></span> <span class='ocrx_word' id='word_1_371' title='bbox 1128 4692 1205 4792; x_wconf 75' lang='lat' dir='ltr'><strong>qaeod</strong></span> <span class='ocrx_word' id='word_1_372' title='bbox 1226 4713 1326 4781; x_wconf 82' lang='lat' dir='ltr'><strong>nempe</strong></span> <span class='ocrx_word' id='word_1_373' title='bbox 1343 4695 1496 4781; x_wconf 57' lang='lat' dir='ltr'><strong>paneque</strong></span> <span class='ocrx_word' id='word_1_374' title='bbox 1505 4693 1625 4784; x_wconf 66' lang='lat' dir='ltr'><strong>fierint</strong></span> <span class='ocrx_word' id='word_1_375' title='bbox 1644 4698 1836 4798; x_wconf 70' lang='lat' dir='ltr'><strong>monasteria.</strong></span> 
     </span>
    </p>
   </div>
   <div class='ocr_carea' id='block_1_23' title="bbox 1131 4817 1164 4895">
    <p class='ocr_par' dir='ltr' id='par_1_23' title="bbox 1131 4817 1164 4895">
     <span class='ocr_line' id='line_1_36' title="bbox 1131 4817 1164 4895; baseline 0 0"><span class='ocrx_word' id='word_1_376' title='bbox 1131 4817 1164 4895; x_wconf 92' lang='lat'>0</span> 
     </span>
    </p>
   </div>
   <div class='ocr_carea' id='block_1_24' title="bbox 0 0 2166 5664">
    <p class='ocr_par' dir='ltr' id='par_1_24' title="bbox 0 0 2166 5664">
     <span class='ocr_line' id='line_1_37' title="bbox 0 0 2166 5664; baseline 0 0"><span class='ocrx_word' id='word_1_377' title='bbox 0 0 2166 5664; x_wconf 95' lang='lat' dir='ltr'><strong> </strong></span> 
     </span>
    </p>
   </div>
  </div>
 </body>
</html>
