4276 5670
828 379 1250 471 *mio*
1416 431 1422 442 ·
1811 396 1860 475 71

333 553 445 633 nmo
462 553 651 633 dominice
671 554 933 633 incarnrtionis
953 557 1006 633 M.
1028 556 1169 635 ccvii
1189 555 1237 631 X.
1261 552 1420 649 (XVII.)
1443 551 1485 630 ll
1515 553 1600 631 idus
1622 553 1861 641 Nouembris,

251 674 408 749 &sirm
434 677 478 767 qi
499 675 570 752 hoc
594 677 852 753 monasterinm
879 700 905 750 a
933 675 1128 755 venerabili
1158 676 1328 750 umore
1347 674 1567 776 cnfiadieffrs
1591 674 1703 767 eeirsse
1722 679 1862 779 episeopo.

251 788 441 869 inhonore
466 794 508 869 S.
531 794 721 870 indiuidne
744 795 952 881 Trinitatis,
992 798 1031 872 ile
1049 794 1257 870 santiiflime
1279 792 1426 877 Crucis,
1467 794 1507 869 δι
1531 795 1637 881 beate
1664 793 1735 871 Dei
1755 799 1862 889 geni·

252 910 340 987 tricis
358 935 485 988 sinunt
499 914 736 1012 omniumque
756 913 939 991 celestium
959 911 1153 999 vinnium,
1177 913 1379 1009 specialiter
1394 937 1482 991 vero
1500 913 1537 987 in
1557 913 1696 988 honore
1715 937 1745 990 s.
1758 937 1862 990 oras·

251 1052 324 1107 rtur
343 1031 499 1128 episcopi
533 1036 572 1110 tle
597 1059 627 1110 r.
651 1055 823 1112 oswium
846 1032 1018 1127 martyris
1052 1037 1092 1111 tr
1118 1033 1270 1110 aliorum
1304 1032 1504 1109 sanetomm
1529 1056 1683 1130 quorum
1710 1033 1861 1132 reliquie

249 1147 450 1245 inlirrgnlis
470 1150 583 1248 hujus
605 1152 753 1228 ecclesie
771 1152 945 1227 altaribus
968 1153 1213 1227 continentur.
1264 1151 1306 1226 ln
1328 1151 1513 1248 principali
1535 1152 1656 1229 Altari
1678 1154 1727 1229 he
1744 1154 1861 1231 conti·

248 1280 369 1344 omos
385 1269 572 1367 Reliquie3
603 1298 632 1348 s.
659 1295 826 1347 mrumst
848 1271 1004 1369 episcopi
1026 1286 1257 1353 turonorum.
1288 1296 1317 1347 s.
1342 1294 1513 1349 oswium
1536 1295 1579 1345 rr.
1605 1274 1654 1346 de
1677 1273 1777 1367 ligno
1794 1273 1861 1348 do·

247 1387 340 1461 mini.
384 1387 444 1464 De
463 1390 678 1468 vestimento
694 1418 724 1468 s
740 1415 864 1468 unsre
880 1392 925 1467 V.
948 1389 1274 1489 perrumperet,
1298 1391 1439 1466 Thome
1460 1392 1565 1488 Apli,
1587 1392 1743 1490 Philippi
1760 1390 1861 1487 Apti,

245 1501 486 1585 Bartholomei
504 1508 610 1606 lipsi,
631 1513 783 1586 Andree
802 1510 909 1613 Apri,
938 1511 1044 1586 Pauli
1059 1510 1162 1608 Apli,
1179 1509 1310 1585 ·l³rimi
1329 1511 1367 1586 δι
1386 1510 1560 1586 feliciani
1575 1516 1627 1590 M.
1659 1509 1861 1588 Sebastiani

244 1621 290 1699 Μ.
315 1625 497 1724 Stephani
515 1630 627 1705 Proto
642 1633 695 1705 Μ.
735 1630 882 1725 cyriaci
904 1631 954 1706 Μ.
992 1629 1195 1706 Feliciffimi
1215 1629 1267 1705 Μ.
1295 1630 1473 1727 Johannis
1496 1633 1535 1708 δι
1550 1632 1654 1707 Parni
1671 1632 1725 1708 Μ.
1766 1633 1860 1708 Gor·
1941 1646 1944 1651 '
2068 1626 2075 1639 ‘

244 1741 336 1818 iliani
360 1750 400 1824 tir
422 1749 614 1847 Epimachi
637 1751 691 1831 Μ.
723 1748 907 1844 crisogoni
928 1751 982 1825 M.
1005 1750 1155 1847 Xpofnri
1167 1749 1223 1829 Μ.
1255 1749 1443 1836 Mauritii‚
1475 1750 1666 1848 Exuperii.
1699 1749 1859 1828 Cmdtdi
2024 1810 2028 1815 -

242 1861 290 1938 Μ.
320 1865 398 1943 Viti
417 1868 470 1943 Μ.
510 1868 717 1964 Pangratii‚
747 1868 857 1946 Nerei
884 1869 1109 1946 &Achillei
1131 1870 1184 1945 Μ.
1219 1869 1329 1946 Blasii
1349 1870 1409 1968 epi
1430 1872 1468 1949 δι
1489 1872 1542 1946 Μ.
1600 1874 1658 1947 De
1680 1870 1858 1958 Bruttiis,

244 1981 279 2057 S.
297 1984 445 2080 Georgii
471 1988 523 2062 Μ.
548 1988 738 2064 Beneditti
760 1988 935 2070 Antaeis,
959 1988 1137 2067 Lintwini
1160 1991 1313 2066 Conseff.
1342 1993 1388 2066 de
1411 1989 1561 2088 Capillis
1592 1991 1631 2067 S.
1653 1992 1798 2086 Agathe
1814 1994 1858 2072 V.

244 2100 412 2199 llpineV.
451 2106 588 2204 justine
604 2094 648 2183 V.
685 2105 865 2184 Vndecim
887 2107 1029 2184 milium
1052 2109 1255 2202 Virginum.
1318 2112 1385 2206 Ipso
1414 2114 1657 2186 die'dedieotrnn
1685 2113 1729 2206 est
1761 2121 1858 2186 ditm

246 2243 490 2302 serenantis
510 2225 732 2320 Archangeli
759 2224 797 2300 in
826 2248 901 2322 quo
922 2229 1156 2303 continentur
1182 2229 1230 2303 he
1259 2229 1419 2327 reliquie.
1484 2256 1511 2307 s.
1532 2228 1684 2307 mertini
1707 2229 1789 2326 Epi.
1817 2231 1859 2308 δι

246 2362 270 2414 s
290 2344 442 2420 oswaldi
453 2346 467 2432 ‚²
487 2345 635 2440 Georgii
660 2347 712 2420 Μ.
737 2345 874 2419 Cosme
898 2349 938 2423 tr
958 2346 1133 2427 Damiaui
1155 2349 1208 2426 Μ.
1234 2347 1439 2447 crisogoni,
1462 2348 1613 2448 Xposori
1625 2351 1679 2438 Μ,
1703 2349 1858 2430 Marcet-

243 2458 301 2537 lini
323 2465 363 2542 ἀ
388 2464 489 2543 Petri
507 2464 560 2543 Μ
581 2465 646 2542 Xl.
668 2463 812 2542 milium
826 2460 1028 2560 Virginuru.

466 2753 550 2839 IN
603 2750 921 2839 Nomius
973 2753 1296 2844 nominem
1370 2722 1374 2729 ’

287 3004 292 3011 =
329 2969 367 3043 6.
386 2962 528 3041 Notum
553 2960 597 3037 srt
619 2962 784 3038 omnrlms
817 2961 1037 3061 presentibus
1071 2966 1109 3042 ἀ
1131 2965 1279 3052 suturis,
1317 2967 1415 3068 quod
1441 2968 1592 3066 prouida
1618 2974 1690 3046 ortrr
1717 2976 1856 3040 tasi-re·

244 3082 346 3157 &ron
367 3108 461 3181 mern
471 3084 619 3177 fratrum
635 3078 725 3179 mnus
744 3084 916 3173 monosterii
934 3087 1145 3159 deliberatione
1164 3090 1355 3185 constituerem
1376 3089 1436 3183 dt,
1461 3088 1500 3165 ἃ
1515 3087 1690 3167 hattenus
1712 3085 1855 3163 anobis

244 3198 489 3279 inuiolabiliter
511 3202 756 3315 obseruatum,
780 3214 821 3276 vt
844 3226 907 3276 vno
931 3208 1052 3278 cottidie
1076 3213 1109 3279 in
1127 3200 1235 3285 honere
1256 3210 1363 3282 Smer·
1379 3211 1517 3304 Spiritus
1532 3205 1736 3304 ρνώοιάααά
1758 3198 1854 3304 majo·

246 3346 300 3396 ren
319 3327 451 3421 mensem
464 3331 498 3398 in
512 3322 667 3415 testimo
681 3332 864 3417 metirer,
889 3329 981 3397 eiierd
992 3329 1118 3420 protem
1133 3329 1254 3422 persm
1274 3330 1316 3399 nd
1329 3328 1465 3400 Abtotis
1487 3331 1650 3403 nrtitrim
1665 3326 1853 3420 conferendo.

244 3432 398 3544 tneque
417 3444 490 3520 hoc
514 3443 716 3539 legitimum
732 3440 834 3515 omni
859 3452 1022 3538 tempore
1051 3447 1087 3520 ὅι
1109 3458 1248 3530 ratum,
1273 3446 1325 3540 ita
1341 3458 1382 3521 vt
1404 3468 1488 3520 rens
1506 3444 1728 3540 judicaretur
1748 3448 1787 3524 ile
1801 3443 1878 3541 sag

247 3564 439 3662 crilegusin
462 3558 649 3661 Spiritum
659 3562 856 3658 Sentium,
881 3560 944 3658 qui
968 3562 1002 3634 e'i
1017 3586 1152 3637 munus
1171 3565 1395 3641 destinatum*
1409 3550 1529 3664 aliqua
1553 3565 1759 3641 temeritate
1781 3564 1853 3642 sur·

248 3685 349 3785 ripere
364 3676 585 3782 presumeret
598 3694 663 3757 aut
679 3681 823 3756 violare.
883 3681 977 3757 Cum
1002 3678 1071 3756 hec
1096 3684 1316 3760 omnimodis
1331 3685 1410 3782 spes
1423 3684 1541 3761 nostra
1557 3685 1625 3759 else
1640 3686 1788 3770 debeat,
1812 3694 1854 3761 rt
1919 3689 1923 3695 “

249 3808 338 3901 cnjus
365 3795 530 3882 bonitate
562 3805 609 3887 de,
630 3800 872 3876 misericordia
901 3804 1120 3896 mrbernatur
1143 3803 1181 3880 tle
1205 3806 1342 3899 regitur
1364 3816 1465 3879 totus
1488 3805 1668 3891 mundns,
1708 3805 1790 3901 ejus
1812 3804 1851 3879 in

248 3933 442 4023 perpetuum
466 3920 609 4023 speciali
633 3944 786 3997 munere
822 3918 898 3997 ta'rn
924 3921 962 3994 in
988 3923 1247 4018 temporalibus
1279 3946 1386 4020 quam
1424 3924 1462 4001 in
1488 3922 1741 4022 Spiritualibus
1772 3946 1853 4019 pro·

248 4045 388 4141 speretur
413 4028 706 4139 &⁵'conseruetur
729 4039 781 4117 luc
804 4046 920 4118 doeens.
987 4040 1151 4143 Posleriori
1175 4068 1262 4120 vero
1285 4053 1447 4141 tempore
1472 4067 1524 4139 ego
1551 4041 1738 4120 Bertlreidts
1762 4039 1856 4140 injur
1932 4064 1956 4087 *

250 4167 296 4261 liri
321 4156 430 4241 Altus·
457 4165 627 4263 quamuis
658 4156 886 4251 immeritus,
922 4164 1117 4237 attendens
1139 4162 1283 4241 austere
1315 4164 1443 4240 eodem
1480 4163 1601 4261 spiritu
1634 4165 1750 4241 santio
1776 4162 1853 4259 glo·

252 4283 362 4365 notun
391 4287 431 4364 δι
450 4285 610 4362 eletiam
636 4283 825 4382 Virginem
856 4307 929 4381 non
962 4283 1037 4356 fine
1061 4306 1194 4379 magne
1220 4282 1402 4361 Virtutum
1427 4287 1464 4362 tir
1491 4283 1702 4360 meritorum
1733 4304 1852 4382 prero-
1999 4330 2003 4337 -
2038 4236 2048 4243 -

253 4406 357 4498 galina
378 4433 425 4485 ex
445 4405 681 4484 immaculato
716 4408 754 4484 ἀ
779 4401 995 4480 santiiticato
1021 4402 1151 4478 celitus
1180 4416 1282 4481 utero
1311 4400 1424 4478 totius
1448 4403 1588 4479 muudi'
1605 4403 1751 4480 edidisse
1774 4403 1853 4480 Sal·

253 4536 409 4604 retorem.
464 4530 688 4602 Commorieeto
703 4527 850 4618 fratrom
875 4527 1044 4613 noilrorenn
1065 4523 1181 4615 constit
1204 4524 1335 4623 quibus
1360 4520 1431 4596 hoc
1455 4522 1675 4599 unanimiter
1697 4523 1867 4621 placuit.

254 4639 341 4720 tauri
365 4651 401 4726 dr
427 4644 640 4723 coufirmaui
665 4648 820 4723 eandem
845 4641 915 4718 Dei
939 4655 1095 4719 matrem
1120 4642 1219 4735 senili
1236 4646 1451 4739 preinde&
1467 4641 1602 4729 ‘eodem
1624 4657 1751 4722 tenore
1774 4669 1853 4744 per·

252 4762 419 4863 pettuliter
440 4764 646 4846 exhibenda
659 4766 857 4851 honorari.
880 4776 923 4846 rt
945 4762 1036 4844 dum
1057 4758 1139 4870 ejus
1160 4762 1360 4844 cottidiana
1383 4763 1529 4844 anobis
1548 4768 1873 4859 commemoratio!

1809 4884 1853 4962 sit
