4276 5670
204 379 208 384 ’
274 418 341 496 1⁵2
675 449 680 460 ·
896 366 1316 494 *wama*

271 580 407 682 lpfique
431 577 612 658 Canonici
638 579 675 658 dr
700 575 832 656 subditi
856 546 978 654 eidem
1003 578 1224 676 Praepofito,
1249 589 1291 656 vt
1314 581 1374 656 luo
1398 540 1566 677 superiori
1590 578 1628 657 dr
1652 581 1817 659 Praelata
1844 604 1902 658 re·

273 710 440 782 verenter
464 699 720 803 intendere&
746 698 903 774 obedire.
972 697 1045 772 Etlr
1079 696 1222 774 forsitan
1247 697 1457 795 hujusmodi
1485 697 1727 795 Praepofrtum
1757 701 1903 776 contin·

273 831 378 918 geret¹
398 819 602 904 interdum,
642 816 699 894 vel
722 814 793 892 alio
815 816 980 911 legitimo
1004 817 1267 913 impedimento
1290 816 1511 916 praepediri,
1542 820 1663 917 quoad
1687 819 1903 930 exequutio·

272 961 360 1016 nem
385 936 573 1033 regiminis
598 938 636 1015 dr
661 958 770 1011 curae
795 937 1035 1020 subditorum,
1073 960 1177 1013 unus
1211 961 1259 1012 ex
1293 935 1480 1012 canonicis
1511 937 1677 1032 ejusdem
1693 936 1923 1047 -Ecclefiaes‘

272 1056 331 1134 cui
353 1053 580 1154 Praepofitus
606 1056 705 1132 idem
737 1054 809 1130 boc
834 1056 1083 1142 mandauerit,
1135 1056 1234 1134 vices
1267 1057 1431 1152 ejusdem
1459 1054 1650 1153 Praepofrti
1683 1069 1785 1151 geret
1817 1057 1903 1132 obe·

129 1271 143 1286 ι
272 1177 433 1259 dientem
458 1176 495 1253 dr
520 1172 717 1272 adimplere
742 1158 920 1252 debebit.¹
948 1175 989 1249 Iu
1014 1177 1108 1254 diua
1131 1200 1216 1253 vero
1232 1173 1389 1250 Ecclefia
1410 1173 1448 1249 in
1467 1175 1767 1252 Bettenbrunnen
1794 1167 1904 1251 Piae·

272 1293 406 1395 pofrtus
432 1295 470 1371 dr
495 1293 671 1371 Canonici
693 1294 865 1392 praedidi
894 1295 1064 1393 ¹quotidie
1094 1295 1324 1371 celebrabunt
1346 1304 1423 1369 tres
1447 1292 1589 1380 lllillas,
1627 1317 1780 1393 quarum
1806 1287 1904 1370 dune

272 1415 346 1492 stne
380 1423 491 1488 cantu
530 1411 705 1506 legentur.
789 1412 913 1489 Prima
947 1413 1115 1489 videlicet
1161 1415 1208 1490 de
1232 1413 1357 1506 Beata
1391 1413 1508 1489 Maria
1548 1412 1717 1510 Virgine,
1768 1417 1808 1495 dr
1838 1413 1905 1490 fe·

105 1566 112 1576 ·
275 1538 397 1612 cunda
422 1554 487 1630 pro
522 1528 729 1620 Defunuis,
776 1533 838 1608 sed
872 1530 982 1608 tertia
1010 1531 1143 1617 scilicet
1175 1533 1223 1608 de
1258 1541 1422 1632 tempore
1454 1531 1694 1612 celebrabitur
1723 1556 1809 1613 curn
1837 1556 1906 1611 no·

276 1667 315 1731 ta
339 1654 377 1730 dr
399 1662 522 1727 cantu.
642 1662 645 1666 ’
692 1738 695 1743 ¹

372 1887 423 1964 Et
446 1884 471 1962 fr
493 1885 596 1962 locus
627 1883 686 1963 vel
709 1884 906 1970 Parochia,
950 1895 1014 1962 aut
1036 1884 1258 1965 Vniuerfrtas
1286 1886 1324 1963 ln
1349 1884 1670 1977 Bettenbrunnen,
1707 1885 1907 1966 collationi

277 2032 299 2084 a
323 2005 469 2084 Diuinls
492 2005 551 2084 vel
576 2005 768 2084 lnterdifto
792 2003 1036 2082 Eccleliallico
1061 2006 1171 2083 fuerit
1195 2005 1385 2105 impolita,
1420 2007 1633 2103 hujusmodi
1659 2019 1733 2084 tres
1757 2009 1904 2092 Milfae.

277 2126 401 2205 claufrs
429 2137 553 2211 tamen
589 2123 730 2221 januis,
774 2123 812 2201 dr
843 2123 1181 2202 Excommuuicatis
1221 2126 1260 2204 dr
1293 2125 1495 2204 interdidis
1532 2127 1701 2213 exciulis,
1742 2126 1907 2204 submilfa

279 2271 367 2326 voce
399 2244 638 2322 nihilominus
671 2243 842 2319 celebrari
875 2245 1068 2321 debebunt.
1141 2245 1215 2321 Sed
1247 2245 1360 2332 iidem
1394 2246 1617 2345 Praepofitus
1656 2246 1694 2324 ὅ(
1725 2245 1907 2323 Canonici

277 2366 441 2467 quotidie
464 2361 682 2462 singulisque
711 2363 840 2439 diebus
871 2363 910 2438 in
931 2363 1087 2439 Ecclefia
1114 2365 1299 2463 praediea
1327 2372 1422 2460 legare
1455 2366 1590 2442 debent
1625 2364 1774 2444 infimul
1799 2388 1907 2441 omnes

282 2488 390 2564 Horas
415 2487 589 2559 Cononirus.
639 2480 714 2558 Sed
742 2479 956 2568 Marrucinum.
995 2480 1178 2583 lldffnnqur
1203 2505 1347 2579 magnum
1364 2483 1431 2584 stur
1450 2488 1621 2581 publicam,
1656 2488 1696 2564 dr
1725 2485 1905 2583 respuo,

178 2622 181 2627 ’
281 2588 487 2706 praesertim
513 2601 687 2677 Duur'nr‘rr'r
711 2604 754 2689 dd
771 2601 895 2703 festucis
919 2605 1041 2691 dicbus,
1079 2610 1113 2705 in
1137 2604 1200 2700 lpse
1222 2601 1356 2698 Erclrsro
1373 2603 1537 2701 solenniter
1573 2628 1642 2679 rum
1666 2615 1739 2679 noto
1762 2607 1909 2679 dauma-

224 2819 228 2823 .
281 2730 376 2813 burn,
403 2721 465 2802 nifr
490 2718 734 2796 Ecclefraliico
760 2720 968 2808 interdido,
993 2721 1064 2800 uel
1096 2720 1168 2798 alio
1191 2719 1354 2817 legitimo
1381 2722 1645 2818 impedimento
1679 2722 1814 2799 fuerint
1843 2746 1908 2811 ex?

282 2843 401 2922 cusati.
453 2839 614 2925 Quilibet
638 2852 760 2918 autem
783 2843 995 2941 eorumdem
1019 2839 1308 2929 canonicorum,
1348 2842 1410 2939 qui
1434 2835 1598 2937 legitimo
1620 2843 1908 2940 impedimento,

282 2965 340 3043 vel
365 2961 513 3040 licentia
538 2959 752 3056 l'raepofiti‚
779 2959 834 3034 vel
859 2960 929 3035 alia
957 2959 1160 3038 rationabili
1183 2959 1298 3037 caulla
1325 2960 1479 3035 celfaute
1507 2985 1580 3038 non
1609 2960 1812 3037 interfuerit
1838 2961 1912 3038 hn-¹

279 3082 441 3182 jusmodi
474 3079 721 3154 decantationi
744 3077 886 3165 Milfae,
928 3079 1119 3168 Matutinl,
1159 3080 1217 3157 vel
1243 3078 1494 3176 Vesperarum,
1535 3080 1646 3159 soluet
1673 3104 1738 3179 pro
1769 3102 1911 3180 poena,

284 3201 440 3279 fabricae
471 3198 636 3295 ejusdem
667 3197 844 3274 Ecclefrae
882 3197 1130 3295 persoluenda,
1171 3200 1293 3297 quoad
1317 3200 1541 3276 llllatutinum
1566 3212 1737 3297 quatuor,
1787 3201 1912 3298 quoad
1948 3298 1950 3303 Ι

283 3323 456 3420 Vesperas
479 3317 657 3406 totidem,
688 3317 726 3395 dr
751 3318 870 3415 quoad
897 3317 1038 3394 Millam
1057 3319 1116 3393 lex
1139 3323 1279 3395 denarios
1304 3319 1551 3420 Cmslorticnscr.
1578 3324 1615 3398 dr
1640 3320 1759 3418 quoad
1780 3341 1912 3420 quarn·

221 3474 225 3481 ·
284 3443 371 3518 libet
390 3439 541 3515 aliarum
562 3436 732 3513 horarum
751 3435 1024 3542 canonicarum,
1050 3440 1155 3533 qu'us
1180 3437 1325 3516 lectioni
1343 3439 1543 3534 neglexerit
1568 3438 1604 3514 in
1624 3438 1784 3514 Ecclefa
1805 3462 1913 3541 prae·

285 3563 380 3640 diua
400 3556 583 3646 interelie,
608 3557 730 3633 eidem
755 3554 911 3630 fabricae
933 3553 1046 3630 foluet
1061 3558 1155 3630 duos
1177 3544 1345 3634 denarios
1367 3557 1655 3636 constantienses.
1706 3557 1777 3645 Qui
1796 3558 1914 3641 etiam

209 3674 216 3681 ’
285 3678 508 3779 Praepofitus
531 3676 570 3754 dr
593 3675 771 3750 Canonici
796 3675 833 3750 in
860 3685 969 3750 antea
993 3674 1176 3772 perpetuis
1197 3677 1422 3775 temporibus
1449 3701 1534 3754 cum
1557 3677 1692 3754 solenni
1713 3678 1915 3781 compulsa·

286 3800 392 3877 tione·
408 3819 688 3895 campanarum,
735 3795 959 3893 Armiurrsoria
985 3797 1133 3892 pradilia·
1158 3792 1289 3872 Dunin'r'
1315 3802 1442 3872 crnrtu
1474 3799 1513 3875 dr
1546 3797 1700 3874 aliorum
1731 3796 1914 3873 Domino·

286 3945 368 3998 rum
391 3916 506 3997 Callri
535 3913 725 4014 praedidi,
765 3936 850 3990 curn
877 3900 1090 4009 Vigiliarum
1115 3915 1153 3992 dr
1176 3915 1360 3993 Mill'arum
1386 3938 1450 4013 pro
1474 3914 1661 4017 Defunttis
1684 3916 1916 3992 decantatio·

286 4041 409 4124 nibus,
432 4038 567 4112 deuote
591 4033 827 4110 celebrabunt
853 4055 917 4131 pro
946 4032 1060 4107 salute
1090 4032 1293 4115 animarum
1322 4035 1536 4113 eorumdem
1558 4034 1679 4115 Deum
1708 4035 1917 4137 suppliciter

167 4224 170 4230 .
286 4156 522 4259 deprecaturi.
572 4154 688 4230 lidem
712 4152 854 4250 insuper
879 4149 1100 4251 Praepolitus
1120 4154 1159 4231 dr
1183 4152 1362 4230 Canonici
1386 4154 1506 4230 leuare
1528 4154 1723 4242 debebant.
1756 4160 1795 4236 dr
1822 4180 1915 4257 quo·

288 4279 428 4355 tidiana
453 4273 700 4352 drllributione
726 4271 764 4345 in
790 4270 1031 4347 celebratione
1057 4270 1240 4351 mitrarum
1268 4275 1307 4351 dr
1334 4275 1505 4353 horarum
1530 4273 1786 4352 canonicarum
1816 4278 1916 4354 inter

287 4399 382 4498 ipsos
410 4390 654 4492 Praepofitum
694 4391 733 4467 dr
766 4387 972 4466 Canonicos
1011 4389 1255 4489 principaliter
1288 4393 1536 4470 interelfentes
1562 4395 1767 4482 duntaxat,
1797 4416 1915 4498 neque

288 4517 453 4618 portione
478 4511 712 4591 condiuidere
740 4532 870 4586 omnes
899 4513 938 4590 dr
971 4509 1125 4606 frngulas
1149 4511 1352 4590 oblationes
1374 4515 1413 4589 in
1436 4512 1616 4610 praeditia
1642 4511 1798 4591 Ecclelia
1820 4526 1915 4596 tem·

289 4658 376 4737 pore
398 4634 617 4712 Diuinorum
636 4628 872 4706 offerendas·
909 4630 973 4729 lpsr
999 4630 1363 4732 etiam-Praepofitus
1387 4634 1424 4713 dr
1447 4632 1625 4738 Canonici
1649 4633 1702 4711 vti
1732 4635 1916 4714 debebunt

292 4782 334 4836 ac
358 4754 528 4836 incedere
559 4751 722 4852 Vestibus
749 4750 787 4831 dr
816 4750 959 4832 tonsura
989 4752 1027 4834 dr
1060 4773 1194 4832 corona
1219 4752 1441 4835 honestis&
1472 4740 1755 4854 congruentibus
1787 4755 1916 4835 Ordini

1800 4875 1914 4977 sacer·
