4276 5670
58 461 75 472 ,
235 388 323 481 7ιαα
481 460 491 471 ,
858 367 1278 486 ema

122 546 125 551 ’
187 600 191 605 -
251 560 324 636 tar,
348 546 456 628 veniis
486 544 634 627 interim
659 547 705 625 ad
728 546 839 626 altare
861 507 1049 636 omnibus,
1079 550 1118 628 δι
1140 547 1188 625 de
1213 559 1335 625 cetero
1354 548 1517 646 exceptis
1541 547 1724 627 notiumis
1744 544 1783 626 bc
1802 564 1881 624 ται·

251 679 322 775 tut.
349 669 449 745 nulla
473 669 647 765 regularis
669 667 759 745 hora
783 668 855 744 alio
880 670 992 745 modo
1015 666 1135 764 agitur
1166 690 1280 767 vsque
1315 668 1363 744 ad
1387 669 1575 764 uesperam
1602 667 1735 747 sabbati
1760 668 1882 777 fausti,

233 793 486 888 omnnem
510 789 564 866 Ps.
587 791 665 865 Ona
689 795 869 866 immonni.
893 786 946 865 ΡΓ.
973 788 1012 865 In
1036 799 1068 863 tc
1091 789 1227 877 donnino,
1251 809 1377 888 usque.
1404 789 1513 891 Odc'ssd.
1546 825 1596 846 -
1619 827 1686 849 -·
1713 880 1716 887 Ι

652 1073 758 1162 ΙΝ
839 1071 1474 1165 PARASCEVE.

349 1325 400 1344 -·
448 1323 498 1343 ·-
547 1285 610 1362 Ad
641 1284 795 1383 primam
838 1290 943 1362 tobado
974 1297 1051 1363 tam
1083 1283 1149 1364 diu
1178 1282 1336 1382 percuffa
1368 1280 1458 1359 ficut
1495 1268 1663 1360 hesterno
1689 1205 1752 1359 die
1770 1281 1883 1381 scida,

257 1424 386 1482 omnes
410 1405 457 1480 ad
489 1402 674 1483 ecclesiam
704 1408 867 1504 discalciati
892 1407 1045 1484 veniunt
1069 1430 1181 1510 quam
1211 1403 1249 1484 δι
1274 1404 1408 1502 absque
1431 1403 1582 1497 Antiph
1609 1402 1631 1479 Γ
1633 1416 1696 1479 cut
1720 1401 1758 1480 δι
1783 1415 1882 1479 cete·
1931 1453 1944 1466 -

255 1548 315 1604 ras
339 1525 447 1600 boras
471 1535 633 1600 cantant.
707 1526 789 1610 Qua
820 1525 924 1603 finita
958 1529 1123 1604 secuntur
1147 1522 1333 1604 manifeste
1361 1523 1435 1601 VH.
1472 1523 1596 1619 psalmi
1627 1545 1712 1600 cum
1743 1520 1890 1599 letania.

253 1643 345 1720 ficut
368 1644 408 1721 δι
430 1645 467 1729 in
494 1644 603 1742 priori
634 1644 707 1720 die.
759 1644 907 1723 Exeunt
929 1647 1059 1724 fratres
1084 1654 1117 1722 dn
1144 1647 1305 1746 claustrum
1330 1640 1530 1729 considere,
1576 1643 1883 1735 &communiter

255 1775 354 1841 mua
375 1765 557 1862 psalterium
584 1767 755 1839 demon.
830 1766 1023 1844 Armarius
1052 1778 1177 1843 autem
1209 1762 1327 1839 statim
1352 1760 1427 1861 post
1449 1760 1589 1838 exitum
1613 1760 1755 1839 iliorum
1786 1755 1883 1837 tidros

255 1889 399 1962 recondit.
463 1881 639 1959 Custodes
663 1907 806 1983 quoque
842 1885 989 1964 ecclesie
1026 1890 1148 1962 moditia
1174 1894 1371 1972 madmena,
1412 1903 1484 1979 que
1515 1905 1537 1956 a
1568 1879 1716 1978 puluere
1739 1868 1883 1978 ponam

255 2004 329 2082 ledi
354 2002 552 2091 aufferunt,
577 2007 740 2079 immobilia
762 2027 849 2081 vero
871 2012 1020 2082 ocdamdac
1040 2013 1140 2099 atim
1162 2002 1336 2098 defendam
1391 1987 1492 2079 Nam
1510 2011 1599 2078 tunc
1624 2001 1796 2097 asarmtds
1822 2003 1884 2074 etc·

255 2115 410 2221 mosorcrdr'
431 2127 528 2220 major
551 2122 667 2215 ecclcfio
678 2124 843 2221 scopatur,
884 2129 927 2215 {d
944 2129 1039 2221 junco
1054 2128 1229 2221 flmddur:
1268 2125 1366 2222 quod
1393 2124 1431 2200 δι
1455 2120 1575 2218 postea
1592 2139 1653 2219 pcc
1673 2131 1771 2195 tomen
1795 2124 1885 2194 clara·

246 2247 349 2349 sicum
371 2251 496 2339 agino,
519 2329 523 2336 ¹
544 2241 700 2341 ideoque
720 2245 834 2356 tercia
868 2248 906 2326 δι
931 2245 956 2320 Γα
984 2269 1075 2349 opus
1100 2243 1151 2320 est
1175 2243 1248 2320 due
1270 2243 1460 2341 sequentes
1491 2239 1581 2317 hore
1602 2244 1645 2317 αδ
1672 2242 1706 2317 S.
1736 2239 1883 2314 Mariam

255 2375 468 2447 cantantur,
508 2372 595 2436 ante
628 2362 778 2439 terciam
813 2365 935 2443 tabula
960 2365 1178 2463 percutitur,
1219 2362 1278 2438 sed
1313 2363 1569 2438 tannunmodo
1601 2362 1648 2437 ad
1670 2360 1884 2436 leuandum.
1931 2453 1935 2458 Ι

255 2485 391 2562 lterum
414 2481 615 2578 percutitur
639 2483 684 2556 ad
710 2485 916 2560 oracionem
939 2483 1145 2584 iterumque
1169 2482 1216 2558 ad
1238 2480 1400 2557 terciam.
1463 2477 1521 2557 Ad
1544 2464 1706 2579 copdmm
1729 2486 1822 2578 prius
1844 2481 1885 2556 dc

254 2607 362 2681 ordina.
383 2624 478 2697 usqae
501 2607 535 2674 in
560 2603 722 2700 cruditum
746 2590 923 2698 ag'mdoefl
953 2584 1232 2701 praemiandum,
1272 2604 1376 2675 deinde
1408 2603 1444 2674 de
1474 2607 1609 2695 regnora·
1632 2602 1785 2697 disciplina
1808 2608 1883 2673 tra·

255 2724 407 2800 eodan
459 2718 583 2796 Finito
606 2720 764 2818 capitulo
789 2726 907 2798 διᾱδααδ
929 2733 1054 2799 ταααααδ.
1080 2722 1162 2798 Post
1181 2721 1242 2800 vl.
1263 2734 1502 2818 paratarma
1522 2718 1629 2817 juxta
1647 2719 1760 2797 altare
1780 2717 1884 2817 quod

254 2842 307 2920 est
332 2837 437 2916 itum
463 2845 497 2914 bc
520 2842 626 2914 dextro
652 2836 863 2918 charitatem.
914 2841 995 2918 Post
1018 2863 1153 2917 nonam
1182 2863 1312 2915 omnes
1339 2838 1473 2914 debent
1502 2830 1579 2914 addis
1604 2838 1720 2916 vestiri
1744 2837 1808 2938 qui
1833 2836 1884 2914 ad

209 2992 211 2996 ⁴
257 2959 417 3039 officium
443 2961 521 3057 quod
551 2966 586 3034 io
612 2965 672 3035 loco
693 2958 775 3058 miffl
805 2961 1023 3048 celebratur,
1048 2960 1184 3059 aliquid
1208 2962 1289 3037 sunt
1321 2957 1448 3043 atturi,
1474 2957 1512 3034 id
1539 2959 1589 3035 est
1610 2971 1766 3058 quatuor
1791 2957 1884 3034 alta·

255 3082 306 3160 ris
330 3077 501 3166 ministri,
525 3078 622 3153 inter
644 3099 737 3176 quos
761 3079 837 3154 duo
858 3083 993 3156 auom
1022 3083 1128 3156 δαᾶαη·
1148 3079 1242 3156 infra
1263 3077 1457 3184 paffionem
1479 3076 1621 3172 findoncs
1648 3079 1730 3155 sunt
1758 3076 1885 3154 distra-

257 3201 369 3289 stari,
391 3199 467 3276 duo
491 3198 539 3274 ad
569 3197 728 3287 bauan,
751 3197 828 3274 duo
849 3223 897 3275 ex
922 3198 1117 3277 senioribus
1145 3197 1343 3297 presbiteri.
1392 3197 1485 3274 Ant.
1500 3205 1606 3295 papate
1628 3221 1731 3282 mnu,
1756 3211 1885 3275 cauta·

77 3389 80 3397 .
199 3411 202 3417 ι
255 3335 337 3409 tur,
367 3320 443 3397 duo
464 3295 657 3413 cujustibet
683 3315 752 3393 nnt
772 3317 912 3394 ordinis
941 3342 1026 3396 cum
1047 3319 1208 3395 veriibus
1234 3340 1324 3413 ayne
1350 3319 1482 3417 (agios)
1505 3317 1577 3394 biis
1599 3315 1791 3415 responmi
1819 3317 1884 3415 qui

257 3444 295 3522 δι
320 3439 441 3544 postea
464 3436 625 3520 versum,
650 3439 737 3512 Oua
749 3435 854 3529 fidedic
875 3437 1079 3536 precenturi
1096 3434 1197 3515 sunt
1264 3436 1392 3514 Postea
1418 3451 1494 3514 tres
1527 3436 1687 3514 conuerti
1709 3463 1777 3513 cum
1802 3459 1885 3535 aqud

255 3565 406 3640 mona
423 3579 509 3636 cruce
527 3557 571 3644 ὁ*
590 3551 743 3631 diacridcdo
762 3559 832 3631 αδ
820 3581 920 3665 agnem
939 3581 1050 3633 maura
1066 3555 1251 3656 proceffierd,
1275 3557 1335 3632 sed
1356 3580 1445 3635 mox
1465 3557 1606 3632 exituri
1659 3559 1732 3642 Qui
1752 3580 1884 3636 omnes

249 3686 412 3784 pedibus
403 3681 509 3754 dedant
539 3673 595 3775 cffc
615 3678 707 3749 mdis
730 3665 850 3773 preter
871 3688 1026 3775 quatuor
1056 3676 1237 3754 ministros
1264 3677 1405 3763 aitaris,
1453 3678 1515 3776 qui
1547 3681 1770 3753 commatum
1801 3677 1886 3756 sunt

256 3801 377 3880 induti
403 3794 547 3875 calceis.
608 3794 710 3871 Idem
733 3807 859 3873 autem
887 3797 1151 3895 perminorem
1181 3796 1332 3874 eborum
1362 3821 1385 3873 a
1415 3798 1632 3895 processioue
1654 3793 1904 3876 diuertentes.

255 3925 363 4020 casatis
385 3917 602 4003 induuntur,
624 3938 784 4012 moxque
813 3911 837 3988 Γ
827 3939 887 3991 ne
912 3914 1051 3993 lumine
1079 3917 1117 3996 ὅτ
1151 3916 1295 3993 incenso
1326 3918 1578 4016 presbiterium
1609 3918 1886 4014 ingrediuntur,

227 4041 389 4139 xibique
411 4036 449 4112 iu
479 4038 561 4110 nudo
585 4041 680 4110 attan
706 4033 798 4109 libro
826 4035 1007 4132 euangelii
1029 4035 1131 4134 super
1156 4059 1339 4133 paruum
1332 4037 1512 4115 lintheum
1541 4018 1674 4137 posrto,
1710 4062 1758 4112 ex
1780 4061 1905 4114 more'

227 4157 419 4264 xprecedit
442 4153 634 4232 sacerdotis
665 4152 704 4230 δα
732 4153 877 4230 diaconi
903 4154 1093 4253 peculiaris
1117 4159 1239 4232 oracio
1268 4181 1377 4254 quam
1406 4158 1563 4256 sequitur
1590 4158 1712 4235 altaris
1734 4157 1885 4235 deoscu-

180 4299 181 4302 ‘
256 4281 366 4360 latina
399 4297 485 4352 uam
508 4271 606 4349 uuila
631 4281 727 4347 tuuc
751 4296 872 4371 neque
897 4275 1017 4371 postea
1052 4275 1171 4370 agitur
1202 4276 1342 4374 confqffn.
1404 4277 1528 4352 Allato
1554 4291 1677 4354 autem
1710 4304 1787 4355 nouo
1811 4285 1895 4375 ignat.
1912 4282 1923 4377 ‘—

259 4403 296 4478 in
326 4394 599 4497 presbiterium,
622 4395 680 4465 duo
701 4397 867 4468 momoria
887 4405 974 4469 ante
998 4394 1111 4470 altare
1138 4395 1402 4487 incenduntur,
1437 4398 1663 4496 totidemque
1688 4399 1810 4477 tabule
1834 4373 1913 4478 ad'

137 4518 143 4523 ’
259 4521 419 4598 officium
450 4514 637 4588 ceduntur.
689 4511 772 4588 Post
793 4514 1001 4591 oracionem
1029 4509 1223 4591 sacerdotis
1248 4516 1378 4612 tegitur
1402 4523 1512 4614 absque
1536 4526 1624 4594 tituto
1651 4520 1748 4618 prior
1763 4518 1885 4599 nato

177 4669 192 4681 ‘
259 4638 356 4741 quast
382 4637 429 4711 ad
468 4633 702 4709 Matutinum.
753 4674 805 4694 -··
852 4674 901 4691 -
948 4676 998 4692 -
1048 4634 1149 4710 Ante
1177 4656 1288 4733 quam
1320 4637 1426 4733 paffio
1448 4639 1587 4734 legatur
1610 4643 1667 4714 dac
1693 4658 1801 4739 pomo*
1813 4640 1884 4736 foa·

259 4768 348 4839 donn
369 4761 464 4857 saper
493 4761 592 4830 odora
622 4761 656 4829 in
682 4755 890 4852 transuersum
915 4762 1115 4851 ponuntur,
1152 4777 1224 4854 que
1247 4755 1286 4832 in
1308 4780 1353 4831 eo
1377 4757 1460 4834 loco
1483 4758 1543 4838 vbi
1568 4758 1717 4858 legitur:
1757 4762 1884 4838 rnen

1302 4928 1309 4937 .
1802 4883 1901 4983 Μ·
