4276 5670
259 372 328 474 1'48
552 412 557 421 ·
865 371 1296 468 remma·

257 576 347 630 nem
371 548 543 643 infinuat,
588 577 661 635 una
695 577 780 652 cum
811 554 953 630 statutis
994 552 1191 632 aComite
1227 553 1381 631 Alberto
1417 555 1560 640 erectis,
1624 578 1647 632 a
1686 552 1895 660 Praeposito

258 695 343 750 cuin
379 673 576 751 Canonicis
607 674 780 775 deinceps
820 674 1075 765 obseruandis,
1127 695 1221 774 quae
1256 672 1389 753 statuta
1421 675 1555 774 pariter
1575 682 1670 771 linoir
1705 678 1801 756 infra
1835 700 1920 770 ree,

258 793 512 872 censebuntur.

265 1044 274 1057 ,
352 1007 520 1107 Denique
551 1008 589 1085 in
615 1010 745 1088 eodem
778 1007 1047 1090 Commiflionis
1067 1012 1216 1110 negotio
1245 1014 1284 1091 dr
1307 1007 1404 1086 Aac
1427 1008 1595 1105 procedit
1622 1008 1750 1119 libbas
1778 1011 1893 1114 etiam

256 1128 304 1204 ad
326 1127 552 1215 dotationem
573 1153 692 1206 nouae
713 1130 996 1228 Praepositurae,
1032 1158 1095 1232 pro
1121 1156 1192 1235 qua
1212 1141 1354 1229 praeter
1374 1129 1610 1204 donationem
1634 1127 1741 1228 ipsius
1766 1131 1893 1209 Eccle·
1923 1160 1926 1167 ·

195 1269 198 1281 ·
256 1245 327 1324 siae
356 1247 394 1324 in
412 1248 731 1338 Berteubrunnen,
763 1252 915 1350 ejusque
938 1251 1138 1344 fruetuum,
1167 1254 1352 1331 redituum
1372 1249 1411 1327 dc
1427 1249 1562 1346 jurium
1584 1259 1654 1325 etc.
1678 1250 1790 1329 etiam
1813 1248 1893 1350 pari

256 1366 470 1455 liberalitate
496 1370 669 1446 donatam
690 1369 736 1445 ab
764 1370 916 1446 Alberto
938 1371 1134 1449 Ecclefiam
1156 1371 1399 1473 parochialem
1428 1370 1467 1446 in
1505 1362 1728 1469 Yeggralarfferi
1752 1369 1891 1452 Audo-

255 1486 364 1567 ritate
391 1486 597 1585 Apostolica
626 1488 891 1588 Praeposituiae
919 1494 1065 1569 nouiter
1093 1497 1232 1572 eieiiae
1262 1489 1524 1592 incorporauit‚
1558 1489 1611 1595 ita
1643 1490 1811 1588 quidem,
1850 1501 1895 1570 ut

256 1629 321 1705 per
347 1607 576 1686 Canonicum
600 1620 664 1685 aut
685 1609 798 1686 alium
818 1611 1077 1709 Presbyterum
1102 1613 1278 1692 idoneum
1310 1614 1357 1688 ad
1381 1620 1512 1686 nutum
1537 1607 1729 1706 Praeposui
1756 1613 1793 1690 dr
1815 1611 1888 1686 Ca·

162 1738 165 1740 ’
256 1726 361 1826 pituli
385 1730 597 1825 ponendum
629 1729 686 1808 rel
721 1733 969 1811 amouendum
1001 1730 1103 1830 poffit
1131 1733 1323 1832 gubernari
1350 1737 1449 1830 (qua
1482 1731 1529 1806 de
1562 1754 1602 1804 re
1630 1729 1797 1826 speciales
1813 1756 1892 1806 ‚ex-

102 1896 106 1905 -
255 1850 352 1949 liant
376 1848 503 1927 literae
532 1847 592 1926 suo
621 1850 702 1925 loco
734 1849 969 1952 afferendae)
1010 1876 1156 1930 annexu
1178 1868 1309 1932 'tamen
1339 1877 1467 1937 onere,
1512 1862 1552 1928 vt
1585 1848 1813 1948 Praepofitus
1848 1854 1891 1934 dc

257 1967 435 2045 Canonici
468 1967 607 2047 intuitu
632 1967 931 2049 istiusEcclefiae
957 1971 1049 2074 Jara
1073 1964 1264 2074 Episccprla'c
1296 1973 1451 2061 soluerit,
1501 1970 1642 2069 aliaque
1664 1994 1785 2049 onera
1809 1972 1891 2072 iup-

256 2098 412 2191 porterit.

349 2305 506 2383 Accessit
532 2304 675 2403 insuper
704 2299 865 2382 Donatio
905 2306 1085 2406 quaedam
1125 2309 1218 2386 faria
1254 2308 1375 2386 eidem
1412 2305 1635 2402 collegiatae
1666 2331 1688 2383 a
1725 2308 1891 2386 Domino

255 2425 425 2503 Vdalrico
453 2426 633 2503 Edelman
665 2449 751 2503 cum
773 2426 878 2505 bouis
908 2425 1074 2504 annexis.
1141 2429 1225 2506 Poll
1252 2430 1345 2504 haec
1369 2425 1551 2525 praefatos
1577 2425 1820 2522 Praepositum
1847 2431 1889 2508 dr
1925 2430 1929 2437 ’

120 2640 122 2647 Α
254 2545 460 2622 Canonicos
484 2544 611 2622 Abbas
631 2546 791 2644 loannes
814 2545 950 2622 solenni
973 2547 1046 2622 ritu
1071 2548 1243 2638 instituit,
1282 2545 1485 2634 inuestiuit,
1525 2546 1819 2624 &confirmarit
1845 2546 1888 2624 in

254 2666 348 2744 ditia
371 2665 549 2751 Ecclesia,
574 2666 802 2744 Austoritate
823 2666 1033 2764 Apostolica
1055 2666 1119 2743 sibi
1144 2670 1320 2765 delegata.
1380 2668 1482 2752 Quae
1507 2666 1631 2741 omnia
1659 2671 1706 2744 ad
1734 2668 1889 2746 manda·

253 2792 337 2864 tum'
367 2786 482 2885 ipsius
508 2809 574 2884 per
598 2786 790 2865 Notarium
815 2787 1154 2885 Metropolitanum,
1202 2791 1351 2866 Petrum
1381 2785 1615 2881 Engellhardi
1648 2789 1694 2864 ad
1723 2788 1817 2866 Aria
1845 2792 1887 2869 dc

253 2906 408 2986 sormam
427 2909 612 3030 publicum¹
630 2909 775 2995 redaiia
793 2907 912 2996 fuere,
938 2906 1141 3006 subscripta,
1168 2913 1301 3009 suoque
1329 2908 1367 2986 dr
1384 2906 1542 2984 Comitis
1561 2905 1672 3003 figillo
1692 2907 1848 2985 munita.

347 3123 628 3202 lustramentum
648 3120 945 3202 confirmationis
967 3119 1078 3219 huius
1104 3121 1285 3202 Ecclesiae
1308 3123 1534 3220 Collegiatae
1553 3120 1734 3220 praeditia
1757 3121 1885 3223 omnia

252 3226 465 3334 continens,
493 3245 532 3321 in
567 3242 732 3342 originali
770 3243 886 3319 exstat
929 3241 968 3319 iu
1005 3242 1184 3339 Archiuio
1223 3241 1486 3341 Weiugartensi
1522 3242 1633 3337 sigillo
1660 3266 1733 3320 vno
1768 3242 1884 3335 (alto-

252 3356 334 3440 rum
367 3364 414 3439 ob
434 3365 649 3442 vetustatem
673 3360 811 3463 periit)
856 3385 961 3439 cereo
991 3389 1016 3458 e
1042 3362 1104 3440 iilo
1139 3365 1251 3441 serico
1285 3365 1516 3461 dependente
1538 3363 1763 3450 munitum·
1785 3362 1887 3443 inter

142 3524 165 3533 -·
251 3484 344 3562 aaa
367 3484 642 3565 Bettenbiunn:
678 3483 740 3563 sub
764 3483 877 3562 Num.
894 3507 929 3565 a
1001 3482 1097 3563 Heic
1120 3510 1204 3567 vero
1229 3486 1431 3572 anneiiitur
1459 3481 1576 3581 Copia
1603 3500 1688 3559 cuin
1714 3482 1883 3580 originali

86 3685 90 3693 ,
253 3605 397 3685 collata.
473 3677 480 3688 ,

145 3904 150 3915 ,
193 3834 196 3840 ’
252 3844 262 3917 '.
338 3797 564 3900 'Reuerendo
598 3819 805 3901 inChristo
836 3824 949 3904 Patri.
976 3773 1016 3906 dr
1048 3820 1133 3900 Duo
1159 3820 1243 3898 Duo
1263 3816 1461 3919 Episcopo,
1494 3843 1565 3896 nec
1587 3843 1661 3896 non
1683 3810 1886 3896 Venerabi-

114 3988 118 3995 Δ
248 3944 346 4024 libus
365 3943 483 4030 Viris,
507 3941 677 4020 Dominis
696 3943 919 4040 Praeposito,
944 3945 1092 4021 Decano
1118 3941 1156 4020 dc
1181 3941 1350 4040 Capitnlo
1372 3939 1554 4016 Ecclesiae
1581 3936 1885 4029 Constantienfis,
1933 3979 1937 3988 ·

244 4064 498 4162 rniuersisque
534 4066 570 4143 dr
600 4061 746 4158 singulis
772 4063 904 4140 Christi
926 4063 1133 4152 FidelibuS,
1177 4061 1365 4159 utriusque
1389 4061 1519 4138 sexus,
1546 4059 1589 4137 &
1612 4057 1810 4158 specialiter
1833 4079 1884 4136 irs
1926 4045 1931 4051 ’

78 4232 81 4237 ,
131 4267 136 4273 ,
248 4209 404 4287 quorum
436 4180 583 4260 interest
613 4181 672 4260 vel
701 4181 866 4259 intererit
899 4185 936 4259 in
967 4173 1154 4270 ficturum,
1202 4178 1344 4285 Jornnrs
1376 4183 1502 4257 Diuinc
1539 4180 1742 4276 Mfirotr'rrie
1769 4175 1886 4255 Alias

138 4333 141 4336 ⁴
250 4305 435 4398 Monnsteri‘r‘
459 4311 493 4380 ln
521 4304 719 4397 Wirigrrrrn
743 4301 893 4377 Ordinis
909 4303 1033 4382 Saniti
1051 4302 1239 4382 Benedilli
1255 4298 1536 4377 constantiensis
1559 4296 1743 4373 Dioecesis
1768 4297 1885 4376 Cum·

246 4427 426 4504 'miliarias
452 4422 513 4499 ad.
529 4422 625 4499 inira
652 4418 779 4519 scripta
799 4444 867 4519 per
886 4422 1096 4524 subscriptas
1117 4420 1344 4522 Apostolicas
1370 4419 1512 4496 Literas
1529 4404 1759 4529 specialiter,
1795 4430 1884 4517 p'ro-

10 4521 17 4529 *
144 4522 161 4634 ,⁸
246 4541 796 4648 priotamennollionomine
827 4543 1112 4641 nonexpresse,
1152 4543 1347 4639 deputatus
1379 4540 1639 4616 Ordinationes
1664 4539 1805 4617 vtinam
1839 4538 1883 4617 in

143 4735 147 4742 .
247 4668 388 4745 Christo
412 4670 585 4751 denotas,
610 4663 649 4741 dr
674 4661 714 4741 iii
739 4663 890 4750 eodem,
914 4663 979 4764 qui
1003 4663 1097 4741 salus
1125 4654 1175 4740 est
1199 4685 1302 4750 vera,
1334 4660 1504 4749 salutem,
1541 4681 1624 4737 curn
1647 4670 1789 4736 attenta
1814 4680 1887 4734 no·

245 4785 639 4887 titiasubscriptoruin·
1770 4871 1778 4886 Ο

1547 4916 1570 4983 f
1731 4871 1887 4961 literas
