4276 5670
769 407 1130 497 westwere*
1146 468 1167 483 ..
1688 403 1768 527 ⁵4⁵2

132 590 242 666 nonis
267 562 549 673 consedemus,
580 583 736 682 spartam
765 583 865 659 suam
888 582 926 658 iu
955 582 1088 681 quouis
1119 583 1251 658 horum
1280 599 1474 681 munerum
1505 582 1630 659 exaite
1660 603 1760 658 com·

131 711 246 807 plens,
1497 739 1500 745 ·

227 855 339 972 Andn
363 897 515 1005 demum
547 902 649 992 1738·
681 917 736 993 rp.
754 893 974 972 Nouembris
998 919 1028 971 e.
1045 891 1230 971 cathedra
1255 891 1474 988 Theologica
1501 890 1760 986 Salisburgenli

131 1021 178 1096 ad
202 1017 399 1094 Abbatiam
426 1013 734 1107 Weingarteniem
755 1018 902 1092 euodius
928 1014 989 1089 eii.
1060 1016 1132 1093 Vix
1156 1015 1308 1089 domum
1340 1011 1519 1097 reuersus,
1554 1009 1760 1089 Monasterii

133 1139 234 1236 cnjus
256 1159 378 1211 curam
399 1133 594 1226 susceperat
618 1137 705 1230 jura
730 1157 803 1208 nnn
825 1147 902 1210 tam
924 1132 1107 1216 defendit,
1133 1129 1242 1229 quam
1266 1129 1368 1206 auxit
1392 1132 1631 1213 dexterrime,
1663 1142 1758 1202 atta·

133 1283 216 1335 men
245 1280 318 1330 nnn
347 1253 419 1327 fine
449 1250 622 1326 maximis
655 1251 836 1350 impenfis.
900 1254 995 1329 Nam
1026 1277 1123 1327 anno
1155 1275 1242 1326 mox
1273 1252 1439 1346 sequente
1473 1251 1594 1325 media
1623 1249 1760 1345 hyeme

130 1376 314 1455 Viennam
334 1373 531 1470 proserius,
558 1372 652 1466 apud
677 1373 967 1467 Augustiffimum
988 1373 1245 1470 Imperatorem
1267 1368 1439 1446 Carolum
1465 1369 1521 1448 Vi.
1543 1380 1685 1445 tantum
1705 1367 1759 1444 ef-

131 1496 237 1582 fecit,
262 1505 439 1592 quantum
464 1489 526 1566 vix
548 1490 593 1566 ab
613 1491 684 1564 aiio
705 1495 841 1589 sperare
864 1491 1026 1567 licuilset.

224 1688 396 1765 Ceterum
421 1681 574 1780 plurima
594 1706 740 1782 quoque
761 1683 928 1763 aedificia
948 1684 1117 1761 Placidus
1140 1682 1258 1760 noster
1277 1706 1362 1759 cum
1384 1684 1431 1758 ad
1454 1681 1659 1768 vtilitatem,
1676 1690 1759 1759 tum

132 1807 178 1882 ad
204 1808 374 1880 decorem
399 1804 451 1877 iri
463 1789 645 1899 Dynastlis
665 1804 793 1882 nollris
824 1804 881 1882 vel
902 1829 925 1879 e
949 1805 1189 1879 fundamento
1214 1802 1349 1891 erexit,
1374 1802 1430 1881 vel
1454 1801 1605 1897 collapsa
1627 1799 1759 1876 restau-

129 1928 251 2002 rauit:
274 1924 432 2020 iecitque
462 1921 700 2000 fundamenta
728 1924 825 2001 illius
840 1922 1035 2029 magnifici
1066 1921 1240 2010 aedificii,
1270 1922 1329 1998 cui
1353 1921 1472 2019 postea
1499 1919 1758 2029 Reuerendiffiq
1887 2026 1890 2033 Ι

130 2068 214 2120 mus
240 2046 321 2120 abt
311 2068 362 2118 as
384 2040 602 2118 Dominicus
623 2045 741 2119 nostor
770 2043 998 2142 superstruxit
1021 2057 1131 2142 atque
1154 2043 1203 2116 ad
1229 2044 1322 2119 teua
1347 2040 1512 2116 deduxit.
1562 2039 1758 2137 Templum

130 2163 429 2258 elegantissimum
447 2160 633 2251 Altdorffii
654 2164 845 2255 maximis
839 2164 1046 2260 sumptibus
1072 2159 1338 2236 consummauit
1361 2160 1423 2256 ⁶),
1448 2183 1624 2256 organum
1643 2182 1757 2290 pneu-

129 2283 305 2359 maticum
331 2304 407 2357 non
430 2281 562 2361 minori
584 2282 679 2358 aeris
699 2282 885 2393 impendio
908 2285 956 2359 ad
968 2282 1199 2358 hodiernum
1210 2279 1442 2377 splendorem
1470 2280 1641 2364 deduxit,
1674 2298 1758 2371 erus

130 2415 252 2476 tamen
274 2400 530 2491 perfectionem
560 2399 742 2478 lucceffori
769 2426 915 2501 quoque
946 2400 1166 2498 relinquens.
1234 2401 1284 2476 Vt
1320 2397 1411 2475 nihii
1442 2399 1489 2481 de
1522 2397 1756 2481 Bibliotheca

129 2523 269 2605 dicam,
295 2543 404 2617 quam
431 2518 511 2592 sane
535 2519 725 2596 leitillrmis
749 2524 786 2599 &
808 2519 1061 2653 pretiofiffimis
1087 2520 1188 2595 libris
1216 2518 1398 2615 infigniter
1414 2522 1567 2616 ‚prorsus
1596 2516 1759 2614 locuple.

130 2640 231 2715 tauir.
279 2638 406 2712 Tantis
431 2662 514 2712 vero
539 2642 840 2735 erogationibus
830 2641 883 2714 ita
905 2638 1082 2719 aerarium
1102 2639 1314 2714 exhaustum
1337 2639 1405 2725 est,
1431 2652 1471 2716 vt
1491 2639 1654 2733 ingentia
1668 2661 1755 2711 con·

129 2759 273 2833 trahere
296 2758 418 2832 debita
444 2757 623 2832 neceffirm
644 2763 776 2847 fuerit:
802 2782 938 2867 quae
916 2758 1048 2833 exinde
1072 2784 1215 2857 quoque
1235 2783 1308 2832 nou
1327 2757 1470 2832 modice
1490 2759 1639 2834 adautia
1662 2757 1753 2844 sunt,
1825 2771 1838 2805 ⁴·
1893 2753 1897 2759 ’

128 2879 225 2974 quod
247 2875 361 2950 nimio
384 2875 608 2974 phybca‘rum
641 2866 679 2942 dt
712 2871 795 2944 Ch
771 2876 971 2971 ymicarum
1006 2877 1397 2980 experimentarionum
1430 2901 1553 2953 amore
1584 2879 1753 2973 abreptus

127 2998 209 3092 plus
234 2995 324 3090 justo
346 2994 459 3092 Alchp
458 2995 582 3071 mistis
607 2994 806 3090 eorumque
838 2986 942 3072 vanis
969 2996 1105 3071 artibus
1135 2996 1222 3071 ieie
1229 2995 1431 3071 crediderit.
1508 2996 1665 3076 Vulnere
1691 2994 1752 3074 Vi·

125 3141 218 3193 neae
241 3118 368 3211 grandi
388 3115 539 3199 inilitlo,
564 3113 601 3189 dr
624 3138 671 3188 ne
696 3113 869 3212 quidem
857 3138 896 3190 m
927 3115 1023 3191 hanc
1046 3140 1160 3215 vsque
1178 3118 1277 3192 diem
1304 3117 1475 3210 obligato.

219 3312 331 3384 Anno
360 3303 461 3410 ¹740·
486 3307 765 3383 Betrenbronnnm
786 3310 965 3404 proserius
987 3309 1057 3393 eli,
1092 3310 1134 3389 D.
1168 3308 1394 3382 Franciscum
1416 3302 1607 3405 Josephum
1625 3307 1751 3383 Storer

127 3451 149 3501 a
179 3429 389 3504 sereniffimo
413 3426 578 3523 Principe
608 3427 784 3502 Frobenio
816 3426 1045 3503 Ferdinando
1073 3430 1119 3503 de
1158 3427 1389 3520 furstenberg
1420 3430 1456 3505 dc
1493 3425 1751 3524 Heiligenberg

43 3606 48 3625 .
124 3545 160 3620 in
190 3545 431 3642 Praepofitum
451 3551 733 3643 praesentatum,
759 3546 1016 3623 inuediturus:
1037 3561 1079 3625 vt
1101 3548 1240 3625 nullairr
1256 3549 1303 3623 de
1320 3546 1400 3621 aliis
1421 3544 1631 3631 itineribus,
1656 3566 1749 3640 quae

123 3664 230 3745 variis
256 3666 303 3741 eri
325 3665 436 3741 caulis
458 3666 613 3762 peregit,
638 3667 863 3742 mentionem
886 3668 1076 3744 faciamus.

220 3858 586 3956 Ob'ingrauescentes
620 3861 811 3957 languores
839 3860 973 3937 viribus
1004 3861 1125 3940 fredis
1160 3861 1254 3937 vitro
1283 3857 1429 3935 mitram
1463 3854 1595 3953 posuit,
1634 3859 1671 3934 dr
1706 3856 1747 3934 ln

122 4001 252 4056 manus
273 3980 431 4076 Capituli
459 3979 670 4075 resignauit,
694 3981 862 4055 Hoi'enae
888 3982 1061 4079 deinceps
1093 3996 1312 4064 moraturus,
1348 3980 1404 4056 vbi
1430 3979 1587 4075 primum
1608 3979 1747 4073 praeci·

121 4109 233 4196 puum
258 4099 291 4171 ei
316 4099 471 4175 studium
502 4101 593 4188 fuit,
627 4103 807 4175 curandae
830 4103 952 4198 potius
980 4103 1126 4178 animae
1151 4125 1259 4198 quam
1288 4099 1463 4194 corporis,
1502 4097 1596 4194 quod
1627 4097 1747 4174 debile

121 4243 163 4294 ac
187 4218 397 4314 languidum
427 4219 559 4293 exinde
583 4218 661 4293 suit.
724 4220 904 4315 Repetitis
931 4221 1043 4316 igitur
1070 4220 1293 4318 Apoplexiae
1321 4219 1449 4295 litibus
1475 4216 1640 4292 ommium
1669 4218 1745 4293 fere

119 4339 281 4413 sensuum
314 4343 350 4414 dc
379 4342 621 4415 membrorum
647 4339 709 4416 vsu
738 4340 930 4414 destitutus
956 4365 1053 4414 anun
1080 4354 1179 4437 1248.
1216 4354 1271 4424 28.
1302 4338 1387 4437 Julii
1415 4339 1473 4434 pie
1503 4336 1614 4421 obiit,
1642 4339 1679 4414 dr
1703 4336 1745 4413 iu

17 4542 24 4550 ,
119 4456 503 4555 cryptamHol'ensem
526 4457 647 4533 illatus
672 4458 814 4558 placide
843 4459 917 4534 illic
938 4459 1152 4559 querimus,
1191 4460 1252 4558 qui
1279 4457 1475 4557 plurimum
1506 4456 1613 4534 viuus
1644 4456 1744 4532 labo·

118 4595 268 4651 rauerar.
348 4650 356 4662 ,

935 4675 1084 4752 2222
1425 4768 1431 4775 ,
1574 4620 1744 4752 borni

159 4766 268 4844 *JAr
263 4768 338 4852 jeliu
357 4769 395 4856 est
413 4768 481 4834 huec
502 4766 669 4856 instriptr'or

116 4923 127 4941 ·
200 4893 293 4964 DlVo
310 4896 514 4970 onvvatuo
535 4902 685 4985 mutue
708 4901 891 4988 regnove·
909 4903 983 4975 istas
1002 4902 1096 4991 erlssl·
1115 4899 1295 4990 omquVe
1315 4900 1463 4976 evovtt
1481 4902 1594 5019 Vitrea.
1710 4982 1715 4991 ¹
1812 4947 1816 4955 ·
1876 4878 1880 4885 ¹
