4276 5670
741 403 772 504 Ἰ
853 382 1278 480 emme
1831 395 1880 475 at

248 564 401 643 modun
430 561 554 640 locmn
572 559 646 639 illio
672 562 834 650 inuenit,
867 587 941 664 quo
970 566 1024 643 dr·
1038 563 1148 640 hodie
1179 566 1288 666 Ettab
1317 561 1481 640 confidit.
1558 558 1733 638 Ceterum
1762 574 1877 656 quum

248 683 438 767 Welfonen
458 683 600 760 auitum
622 682 661 758 in
689 680 763 759 boc
785 683 873 778 Pago
893 683 1047 760 castrum
1070 683 1279 769 habuerint,
1308 695 1347 763 vt
1367 683 1469 781 supra
1492 704 1539 755 ex
1561 674 1796 757 Gottwicensr
1813 699 1879 753 au-

247 801 410 881 diuinus
436 813 579 902 poterat
608 802 779 901 primitus
807 802 993 902 aliquanto
1026 815 1190 902 tempore
1218 802 1294 879 illio
1322 797 1558 880 commorari.
1591 797 1710 873 donec
1739 795 1802 872 fibi
1838 798 1877 875 dr

247 921 317 1001 sois
336 920 544 1011 habitacula
566 933 793 1021 aptarentur,
825 921 912 998 falso
934 946 1020 1002 vero
1045 921 1210 1024 subponit
1232 922 1297 1001 Vir
1324 922 1371 998 do
1375 923 1450 997 ‘bus
1483 921 1621 993 codrum
1654 913 1813 1008 Wetdmm
1842 924 1877 992 in

248 1044 359 1118 Μαι
381 1038 537 1120 &adom
555 1041 655 1121 firiffe
675 1036 899 1118 conuersum.
949 1043 1094 1119 Rudera
1114 1065 1200 1139 ergo
1222 1040 1248 1115 sr
1277 1038 1370 1116 vel
1360 1062 1398 1116 m
1422 1004 1597 1136 superiore
1620 1035 1679 1113 vel
1705 1034 1876 1111 inferiore

247 1158 472 1256 Ammergau
497 1162 600 1249 Vnde,
626 1160 737 1240 hodie
758 1183 904 1260 quoque
929 1161 1208 1259 conspiciantur.
1235 1164 1397 1262 rostrorum
1418 1157 1516 1243 sunt,
1540 1177 1616 1229 non
1638 1156 1751 1245 ωσι,
1780 1152 1876 1235 mui-

248 1290 285 1357 to
303 1279 430 1358 miuus
450 1279 600 1377 Etruscae
617 1282 664 1360 ab
684 1281 832 1360 Hmnico
855 1282 960 1380 Nigro
982 1281 1084 1380 super
1102 1280 1178 1360 Ani
1199 1279 1250 1357 sui
1275 1277 1458 1359 tumulum
1479 1258 1664 1353 conditae
1924 1296 1927 1303 ¹

341 1641 446 1719 Idem
464 1636 690 1716 sentiendum
715 1640 761 1716 do
789 1639 986 1716 traditione
1008 1639 1248 1738 antiquiffima
1270 1640 1367 1718 circa
1387 1638 1593 1739 Capellam,
1622 1658 1716 1737 quae
1745 1633 1878 1713 hodie·

250 1763 335 1841 dum
352 1762 466 1839 etiam
489 1782 512 1837 a
535 1758 630 1835 Sacro
651 1760 808 1853 Sanguine
831 1759 975 1837 Nomen
995 1760 1122 1847 habet,
1159 1760 1255 1838 onon
1278 1783 1387 1860 quam
1412 1759 1558 1840 Vallum
1588 1757 1701 1836 modo
1732 1776 1878 1854 quoque

249 1881 477 1982 oonspIcitur,
508 1878 569 1956 vbi
598 1877 714 1972 Wdfor
734 1875 905 1955 habitaise
929 1880 1045 1975 Vulgo
1067 1893 1300 1958 memoratur.
1347 1877 1512 1959 Castrum
1532 1899 1665 1975 nempe
1682 1872 1783 1953 fuine
1800 1872 1876 1951 ibic

248 2002 383 2101 potuit,
407 2001 504 2098 quod
526 1995 718 2076 verisimile
731 1997 785 2072 est
806 1993 974 2096 Judttbmr
999 2000 1150 2095 Wdfods
1168 2001 1227 2077 IV.
1257 2004 1387 2076 onrnn
1408 2000 1455 2076 iis
1471 1996 1677 2097 praesertim
1690 1994 1797 2073 annis
1818 1992 1876 2071 in·

248 2115 741 2220 ooiuiffe.quibus'Marit1u
768 2139 854 2195 cum
876 2117 1094 2217 Imperatore
1121 2119 1269 2194 mmm
1288 2121 1348 2194 IV.
1382 2119 1475 2195 bello
1501 2116 1715 2195 atrociffimo
1748 2112 1873 2227 conflij
2002 2200 2007 2205 ,

248 2240 311 2318 xit
359 2239 437 2319 illic
458 2235 671 2314 tutiffimnm
690 2237 974 2335 Receptaculum
993 2238 1209 2315 inueniebat
1229 2236 1368 2315 incluta
1392 2239 1584 2335 Princeps,
1619 2235 1872 2314 vehementer·

248 2384 316 2463 qne
340 2354 512 2458 suspicor,
538 2355 674 2435 ibidem
709 2355 847 2433 sacrum
872 2355 1023 2433 Domini
1050 2362 1224 2434 cruorem
1250 2360 1296 2435 ab
1328 2357 1381 2432 Ea
1399 2357 1612 2456 repositum,
1639 2358 1756 2433 donec
1772 2354 1872 2461 seda·
1951 2410 1955 2417 -

246 2479 293 2557 tia
312 2468 429 2556 turbis
448 2476 592 2554 Vineae
606 2475 747 2552 nostrae
768 2473 1052 2572 pretioflffimum
1075 2475 1225 2553 Donum
1243 2475 1414 2566 inferret,
1445 2477 1598 2577 locoque
1621 2476 1709 2550 inde
1734 2497 1871 2550 nomen

247 2596 435 2676 annaeum
453 2597 566 2696 ‚supra
592 2593 785 2672 hominum
810 2595 1029 2672 Memoriam
1065 2596 1216 2673 celebre.
1279 2597 1420 2696 Operae
1446 2597 1603 2695 pretium
1630 2593 1757 2673 sasturi
1790 2593 1873 2671 sunt

246 2716 414 2815 Ettdmfis
432 2727 543 2820 atque
561 2709 850 2809 Roinnbnbmsn.
885 2714 911 2788 fr
940 2714 1117 2811 originem
1143 2716 1254 2812 hujus
1284 2715 1492 2794 traditionis
1521 2713 1736 2812 profundius
1768 2713 1870 2790 inue-
1996 2782 1999 2791 .

245 2834 438 2932 itigabant,
492 2834 593 2935 quod
639 2832 674 2909 se
707 2822 903 2930 aliquando
944 2833 1124 2915 fanorum
1170 2835 1264 2912 mihi
1306 2836 1444 2933 recepit
1482 2834 1692 2913 olariffimus
1731 2832 1778 2910 D.
1830 2832 1870 2908 P.

247 2952 417 3032 θύννας
447 2956 587 3041 Sobata
612 2963 695 3030 tum
730 2949 956 3049 theologus,
1005 2978 1104 3032 nunc
1137 2967 1263 3034 autem
1305 2956 1431 3032 mane
1466 2955 1575 3031 Ano
1609 2952 1871 3032 Reuerendiffi·

245 3096 347 3163 mus,
391 3071 451 3148 cui
485 3072 588 3150 Deun
619 3071 721 3171 larga
759 3071 1022 3155 benedittione
1056 3073 1165 3165 adiit,
1217 3077 1406 3177 feruetque
1446 3096 1558 3227 quam
1598 3071 1790 3158 diutiffima
1818 3072 1873 3154 sa·

226 3216 337 3309 num
367 3195 408 3276 dr
436 3190 700 3275 incolumen.

343 3578 380 3659 7.
398 3555 481 3635 Sed
511 3580 582 3637 nec
614 3555 772 3636 Historia
804 3556 1045 3639 Fundationin
1072 3557 1253 3657 Medulis,
1304 3585 1417 3665 quam
1449 3558 1643 3660 Metropoli
1671 3554 1872 3653 salisburg.

247 3700 281 3778 p.
296 3684 378 3774 nob
400 3676 519 3756 nosen
540 3677 729 3774 Hundius,
760 3702 945 3781 quamque
969 3703 1029 3756 nm
1046 3681 1122 3776 [otis
1133 3679 1200 3774 fide
1223 3685 1350 3776 Quam
1366 3698 1474 3780 prum.
1508 3679 1710 3780 quidquam
1736 3676 1870 3757 obstat:

247 3798 385 3887 immo,
406 3795 433 3873 d
451 3819 539 3877 vera
560 3819 584 3874 a
607 3796 774 3875 nodoso
801 3797 1052 3888 secernantur,
1086 3798 1199 3878 etiam
1225 3802 1273 3878 ad
1302 3801 1552 3879 stabiliendam
1576 3821 1699 3878 meam
1732 3795 1873 3896 opinio·

247 3940 330 3996 uem
349 3938 426 3993 non
442 3914 538 3994 nihii
556 3917 707 3995 confert.
730 3929 898 3996 narratur
916 3918 1017 3996 enim
1036 3917 1110 3996 illio
1133 3920 1326 3997 Lndodcnn
1346 3921 1604 4019 Imperatorem
1620 3940 1706 3995 cum
1721 3912 1871 3995 renidet

247 4034 284 4113 in
305 4031 523 4125 emurch,
544 4050 740 4136 exceptum
759 4036 862 4114 fuine
883 4062 906 4116 a
927 4039 1109 4116 Venatore
1132 4037 1217 4125 ino,
1249 4064 1299 4116 ex
1318 4063 1393 4140 quo
1412 4040 1460 4116 de
1483 4045 1544 4116 boo
1575 4036 1638 4118 illo
1669 4033 1870 4136 Ampierong

247 4152 434 4258 praefinit,
460 4153 573 4232 fusum
599 4178 679 4236 rem
712 4169 835 4234 narrat
863 4158 1008 4234 maren
1035 4157 1260 4254 Rmbpnmfis
1293 4157 1389 4236 inter
1413 4157 1604 4255 scriptores
1642 4157 1740 4235 med.
1770 4154 1869 4233 Aeni

217 4294 224 4307 ·
249 4277 342 4373 apud
356 4274 491 4351 Euard.
507 4274 648 4379 Tomi.
667 4296 748 4381 pag.
765 4295 873 4371 ποορ.
895 4275 935 4354 dt
951 4299 1056 4354 2100.
1077 4275 1138 4355 vbi
1157 4275 1396 4355 haechabet:
1416 4279 1524 4374 'lginu
1541 4278 1725 4375 Imperatore
1746 4281 1786 4352 ad
1806 4291 1871 4350 ter·

249 4418 314 4470 rm
327 4398 423 4492 firmo
446 4393 563 4491 emerso
582 4382 698 4491 uotum
730 4390 918 4491 Ampderbrg
938 4400 974 4472 in
991 4399 1120 4492 quadum
1140 4396 1229 4493 dendo
1242 4397 1339 4499 syba
1359 4438 1410 4455 -
1432 4438 1482 4454 -
1504 4420 1526 4471 a
1551 4399 1697 4472 Vanum
1722 4398 1869 4498 monstro·

249 4526 307 4589 nr.
352 4512 412 4591 Eu
431 4517 513 4589 brus
528 4509 604 4607 jam
623 4509 772 4610 quidam
794 4525 873 4590 erat
891 4521 926 4591 in
945 4512 1008 4617 ilia
1026 4514 1161 4611 syloa,
1183 4514 1367 4617 proprium
1386 4515 1507 4593 ferens
1528 4536 1675 4613 nornen.
1726 4513 1870 4606 Eccleda,

249 4652 342 4723 mor,
366 4631 427 4719 vel
446 4626 575 4709 saitem
596 4627 678 4727 ejus
696 4628 848 4721 mdera,
880 4640 970 4713 ante
1000 4635 1179 4712 ducentos
1208 4656 1328 4719 annos
1351 4637 1399 4718 ab
1424 4633 1575 4715 monuo
1611 4634 1716 4734 Niara
1746 4634 1870 4713 aedifi·
2013 4632 2019 4656 ⁴

1107 4751 1143 4831 D
1168 4774 1192 4836 2
1642 4829 1648 4839 ,
1771 4765 1872 4845 cata.
