4276 5670
620 233 635 272 .
1405 236 1410 253 .

421 380 495 459 ooo
608 465 610 470 ,
1047 367 1465 468 *wasemes

423 537 566 627 „vestra
591 536 628 614 in
655 560 723 613 nos
753 536 936 627 Caritate,
980 541 1288 641 spiritualibusque
1311 538 1494 627 beneficiis
1520 538 1700 615 maximas
1727 537 1861 634 gratias
1887 539 2049 632 agimus,

424 656 574 746 „Deum
598 657 750 741 oraturi,
799 670 840 736 vt
865 660 1075 757 centuplum
1099 661 1202 738 vobis
1226 663 1364 736 reddat
1441 657 1591 736 Vtinam
1617 669 1706 753 quot
1733 656 1839 732 annis
1864 656 2048 753 ejusmodi

418 774 601 864 „occasio
617 778 652 853 se
676 773 847 863 offerret„
869 788 908 852 vt
935 778 1052 876 spero,
1085 803 1157 854 non
1182 778 1378 873 negabitis,
1411 779 1509 876 quod
1535 775 1572 851 in
1593 800 1663 850 uos
1685 775 1914 853 Beneficium
1934 798 2047 871 agno.-

423 893 585 984 „scimus
612 907 801 990 perpetuo,
844 897 882 973 dr
907 896 1073 985 vicillim,
1107 909 1146 975 vt
1168 897 1305 980 iicebit,
1344 896 1537 992 gratificari
1563 893 1678 992 parati
1705 895 1852 969 erimus.
1913 893 2047 972 Vestris

417 1037 514 1103 ·„me
541 1013 706 1111 precibus
730 1016 768 1090 do
791 1011 971 1090 sacrificiis
996 1018 1223 1091 commendo.
1273 1015 1332 1090 Ex
1356 1017 1589 1110 Weiogarten
1617 1039 1671 1106 15.
1695 1012 1905 1091 Decembris
1931 1013 2044 1088 Anno

424 1185 445 1222 „
460 1138 565 1227 1596.
603 1131 727 1208 Vester
751 1132 788 1207 iu
818 1122 959 1208 Christo
986 1135 1044 1210 Fr.
1082 1134 1245 1233 Georgius
1269 1133 1390 1212 Abbor
1418 1132 1547 1210 ibidem.
1622 1132 1740 1208 [mmo
1768 1132 1894 1228 quanti
1919 1131 2045 1208 Abbas

421 1251 541 1328 noster
562 1252 700 1327 nedum
731 1252 830 1326 hunc
863 1252 1005 1335 Virum,
1051 1252 1109 1328 sed
1140 1258 1175 1332 llo
1204 1277 1332 1330 omnes
1358 1254 1398 1329 S.
1426 1252 1451 1326 Ι.
1478 1253 1693 1327 Sacerdotes
1719 1241 1875 1340 fecerit,
1905 1273 1954 1326 ex
1980 1249 2043 1325 da·

416 1371 473 1447 tis
498 1372 545 1447 ad
564 1369 736 1475 eJoororrem
767 1369 946 1469 Georgium
969 1371 1136 1449 Abborom
1160 1370 1410 1471 Morbocrnsom
1431 1369 1582 1446 Litteris
1608 1379 1731 1469 aperte
1755 1381 1866 1467 patet.
1918 1369 2043 1453 Quum

422 1488 523 1567 enim
546 1488 607 1564 ille
631 1488 742 1567 Anno
772 1496 875 1586 1007.
915 1512 979 1586 per
1010 1490 1144 1569 Putrem
1172 1489 1433 1594 Cirr'sloplrorom
1463 1489 1630 1566 Homoror
1649 1487 1948 1570 Conuentualem
1978 1509 2043 1561 no·

348 1712 351 1716 p
412 1607 531 1686 ‘strum
560 1607 709 1693 ibidem,
731 1609 954 1706 aliquamdiu
986 1609 1254 1687 reformationis
1288 1609 1392 1686 causa
1420 1601 1697 1686 commoratum-
1716 1607 1904 1704 fignificari
1938 1606 2042 1682 Geor-

418 1728 477 1828 gio
501 1726 652 1814 lecisset,
683 1728 717 1801 se
743 1727 834 1802 nihil
859 1728 1044 1826 antiquius
1075 1730 1290 1814 desiderare,
1342 1752 1449 1828 quam
1479 1741 1520 1824 vt
1548 1729 1687 1827 aliquos
1721 1751 1768 1804 ex
1792 1725 1864 1802 suis
1895 1724 2043 1821 'sugatis

379 1844 382 1863 '
421 1849 485 1943 (vt
508 1848 663 1941 vocant)
695 1847 741 1920 ad
776 1847 1004 1924 Nouitiatum
1033 1848 1339 1943 Weingartensem
1376 1848 1555 1946 recipere.
1608 1851 1646 1926 dr
1672 1860 1751 1923 tum
1779 1846 1946 1943 probatos
1978 1843 2041 1941 spi-

416 1952 511 2052 ritu,
562 1965 600 2042 δι
626 1963 858 2041 confirmatos
893 1966 1091 2043 Morborum
1127 1967 1314 2044 remittere
1346 1967 1571 2061 dignaretur,
1612 1967 1739 2045 Abbas
1763 1963 1881 2041 noster
1910 1963 2041 2038 eodem

329 2133 331 2136 ι
415 2105 517 2161 suno
548 2099 603 2168 28.
630 2083 768 2178 Aprilis
793 2083 830 2159 in
858 2083 951 2159 haec
981 2087 1084 2162 verba
1112 2088 1294 2186 respondit
1314 2086 1364 2180 l>:
1407 2086 1621 2163 Reuerende
1645 2084 1851 2180 Princeps!¹
1874 2070 2038 2159 Intellexi

411 2213 484 2278 tua
510 2225 575 2298 per
597 2206 637 2278 Ρ.
670 2201 966 2299 Christophorum
992 2201 1212 2290 Hnmerer,“
1234 2205 1525 2281 Conuentualem
1552 2205 1711 2282 nostrum
1737 2204 1832 2282 'satia
1860 2200 1953 2281 mihi
1979 2224 2040 2278 vo·

319 2354 326 2361 ·
414 2331 477 2407 ta,
525 2321 657 2419 quibus
691 2321 803 2398 etiam
835 2344 947 2418 quam
979 2320 1204 2402 libentiliime
1236 2325 1494 2412 consentirem,
1529 2323 1606 2400 misr
1639 2324 1779 2421 propria
1807 2317 2040 2417 &persentis

416 2438 638 2526 didicissem,
682 2439 879 2534 Religiosos
904 2440 1064 2539 juuenes
1092 2455 1173 2520 tum
1197 2446 1317 2541 quoad
1348 2443 1489 2531 studia,
1529 2455 1608 2520 tum
1636 2442 1748 2518 etiam
1780 2441 1899 2539 quoad
1926 2437 2038 2514 Exer-

316 2616 319 2621 -
417 2559 505 2656 citia
523 2546 726 2655 ‘spiritualia
752 2560 916 2659 Dilingoe
948 2561 1223 2658 multomagis,
1264 2585 1372 2660 quam
1395 2563 1435 2637 in
1469 2563 1631 2660 quolibet
1655 2559 1889 2647 Monasterio,
1935 2555 2039 2654 proli·

417 2701 509 2755 sere.
560 2679 601 2753 Si
625 2690 748 2757 tamen
763 2678 991 2755 Reuerenda
1014 2681 1218 2757 Paternitas
1243 2693 1309 2755 tua
1332 2682 1524 2777 completis
1548 2679 1673 2757 studiis
1697 2703 1808 2756 vnum
1837 2677 2039 2755 alterumue

416 2796 600 2896 ejusmodi
616 2798 802 2896 Juuenem
829 2801 875 2874 ad
900 2799 1159 2895 perficiendum
1184 2799 1346 2905 spiritum
1372 2799 1446 2875 huc
1473 2801 1618 2876 mittere
1646 2798 1756 2883 velit,
1797 2794 1931 2891 apertis
1953 2816 2039 2884 eum
2078 2834 2082 2841 ,

418 2929 669 2993 autemnon
696 2928 838 2994 tantum
872 2918 1028 2994 brachiis
1056 2919 1305 3016 suscipiemus,
1347 2920 1411 2994 sed·
1435 2917 1547 2995 etiarn
1577 2929 1616 2994 vt
1646 2915 1800 3003 lilios&
1827 2915 1956 2989 fratres
1986 2912 2040 2987 su-

415 3034 593 3131 vehimus.
643 3034 873 3113 Commendo
891 3061 951 3114 me
973 3037 1169 3122 Charitati,
1197 3035 1435 3145 &sacrificiis
1458 3036 1589 3114 vestris
1640 3035 1741 3110 Deus
1762 3033 1965 3108 nobiscum.
1987 3058 2039 3089 ⁶·

345 3223 347 3229 .
407 3155 550 3235 fliium
579 3168 703 3231 tamen
730 3155 807 3248 jam
835 3167 944 3231 antea
971 3180 1068 3233 aaron
1092 3155 1226 3231 scilicet
1257 3176 1360 3249 1599.
1387 3156 1435 3230 de
1460 3153 1664 3231 Seminario
1679 3151 1856 3252 Friborgi
1880 3146 2039 3239 coeden-

407 3276 486 3362 .do,
530 3275 569 3352 dr
596 3286 697 3350 trans
700 3274 846 3349 serendo
881 3274 968 3349 illuc
994 3276 1110 3352 studio
1143 3273 1359 3357 Monaliico,
1409 3295 1456 3348 ex
1482 3275 1631 3349 Litteris
1660 3273 1857 3369 Hieronymi
1875 3269 2083 3394 Episcopi

409 3394 551 3474 :Arriae
583 3394 630 3468 ad
662 3392 844 3469 Abbatem
880 3392 1038 3469 nostrum
1067 3391 1232 3488 ejusdem
1266 3412 1352 3466 anm
1378 3414 1411 3489 7
1443 3391 1667 3488 Septembris
1698 3390 1909 3468 transmissis
1937 3331 2083 3467 disci-

411 3535 512 3590 -.mus
562 3512 705 3610 Accepi,
745 3512 880 3607 iuquit,
926 3511 1077 3588 Litteras
1098 3517 1154 3610 m)
1184 3513 1361 3587 Dominot'
1334 3516 1432 3587 tronis
1468 3516 1673 3613 vestroo17.
1705 3511 1866 3610 Augusti,
1909 3532 2039 3607 caroque

420 3629 642 3719 „tabellarios
669 3629 810 3706 sestluet
836 3629 1046 3718 Discessum,
1086 3630 1195 3708 debui
1223 3652 1291 3724 ego
1318 3629 1430 3713 etlam
1459 3630 1577 3706 statim
1605 3628 1763 3724 cogitare
1793 3629 1840 3702 de
1864 3627 2036 3723 responso.

418 3747 619 3837 „Gratulor
643 3751 689 3825 de
717 3762 931 3844 augmento,
940 3735 1006 3826 de
1031 3748 1208 3849 progressu
1233 3748 1440 3828 Reuerendi
1466 3749 1583 3824 Patris
1613 3746 1750 3854 Julii,
1766 3768 1883 3844 quem
1909 3746 2038 3831 Mona·

410 3868 638 3959 ,stannum
669 3870 827 3944 Sueuiae
856 3868 1112 3969 Praesidonrorn,
1160 3868 1198 3945 δι
1229 3866 1326 3966 quast
1364 3867 1554 3944 Gmorolom
1597 3866 1849 3963 elonginquo
1889 3863 2036 3961 aspicie·

405 3991 490 4077 ·„&
515 3990 612 4086 spero
639 3987 763 4064 omnia
789 3987 964 4063 foeliciter
996 3989 1033 4065 ἀ
1058 3987 1193 4064 rtiliter
1217 3985 1417 4063 successura.
1480 3985 1675 4069 Rationem
1704 3995 1828 4060 autem
1858 3980 2038 4079 erigendi,

403 4107 510 4197 .·„seu
531 4106 737 4184 instituendi
762 4106 988 4183 seminarium
1009 4106 1245 4182 monasticum
1263 4103 1425 4204 Friborgi
1437 4161 1446 4194 ,
1470 4128 1544 4181 uon
1567 4104 1698 4204 probo,·
1721 4101 1928 4200 praesertim
1955 4123 2037 4177 cum

419 4226 650 4315 „habeamus
679 4226 881 4301 testimonia
915 4226 1145 4302 celeberrima
1182 4223 1347 4307 immeufi
1382 4226 1517 4303 fruitus
1553 4249 1600 4300 ex
1634 4219 1849 4317 Dilliugauis
1889 4218 2036 4305 scholis,

406 4369 523 4445 „qua
551 4346 589 4420 in
616 4369 657 4421 re
684 4345 795 4420 miror
819 4345 1020 4422 Monachus
1047 4347 1085 4420 dr
1107 4342 1273 4421 Ablooem
1296 4342 1335 4422 S.
1361 4343 1470 4446 Blofir'
1492 4342 1763 4447 idgconsulere,
1797 4362 1901 4430 cum,
1934 4338 2039 4438 quid·

422 4464 540 4564 ,quid
570 4463 707 4540 habent
738 4464 841 4547 boni,
891 4489 938 4538 ex
969 4464 1133 4564 Dilliogo
1155 4462 1227 4537 illis
1262 4462 1461 4552 accesserit,
1498 4465 1560 4551 sed
1585 4464 1678 4541 sorte
1706 4459 1900 4539 mutabunt
1927 4455 2039 4537 coufi-

421 4585 554 4673 „lium
606 4581 745 4681 (Risum
762 4587 908 4668 ,crocotis
934 4583 1052 4661 omisi!
1083 4586 1243 4683 pergits)
1333 4666 1338 4675 ,
1920 4692 1993 4769 DI

826 4727 831 4735 =
1957 4716 2036 4769 oen

463 4825 492 4906 l)
518 4825 598 4892 Toro.
617 4843 669 4906 31.
685 4821 743 4908 sol.
763 4840 838 4910 479.
943 4822 993 4905 m)
1020 4797 1099 4891 som,
1120 4841 1172 4906 29.
1186 4778 1242 4905 fol.
1264 4838 1339 4908 539.
