<?xml version="1.0" encoding="UTF-8"?>
<!DOCTYPE html PUBLIC "-//W3C//DTD XHTML 1.0 Transitional//EN"
    "http://www.w3.org/TR/xhtml1/DTD/xhtml1-transitional.dtd">
<html xmlns="http://www.w3.org/1999/xhtml" xml:lang="en" lang="en">
 <head>
  <title>
</title>
<meta http-equiv="Content-Type" content="text/html;charset=utf-8" />
  <meta name='ocr-system' content='tesseract 3.04.00' />
  <meta name='ocr-capabilities' content='ocr_page ocr_carea ocr_par ocr_line ocrx_word'/>
</head>
<body>
  <div class='ocr_page' id='page_1' title='image "./prodromusmonume00hessgoog_0168.png"; bbox 0 0 4276 5670; ppageno 0'>
   <div class='ocr_carea' id='block_1_1' title="bbox 698 379 1732 478">
    <p class='ocr_par' dir='ltr' id='par_1_1' title="bbox 698 379 1732 478">
     <span class='ocr_line' id='line_1_1' title="bbox 698 379 1732 478; baseline 0.008 -15"><span class='ocrx_word' id='word_1_1' title='bbox 698 379 1119 478; x_wconf 46' lang='lat' dir='ltr'><strong>semme</strong></span> <span class='ocrx_word' id='word_1_2' title='bbox 1660 388 1732 471; x_wconf 73' lang='lat'><strong>14⁷</strong></span> 
     </span>
    </p>
   </div>
   <div class='ocr_carea' id='block_1_2' title="bbox 101 553 1738 2098">
    <p class='ocr_par' dir='ltr' id='par_1_2' title="bbox 101 553 1738 2098">
     <span class='ocr_line' id='line_1_2' title="bbox 106 553 1731 662; baseline -0.005 -19"><span class='ocrx_word' id='word_1_3' title='bbox 106 565 247 652; x_wconf 74' lang='lat' dir='ltr'><strong>clienti,</strong></span> <span class='ocrx_word' id='word_1_4' title='bbox 286 563 519 646; x_wconf 85' lang='lat' dir='ltr'><strong>Discretioni.</strong></span> <span class='ocrx_word' id='word_1_5' title='bbox 566 564 615 639; x_wconf 91' lang='lat' dir='ltr'><strong>de</strong></span> <span class='ocrx_word' id='word_1_6' title='bbox 646 586 721 662; x_wconf 91' lang='lat' dir='ltr'><strong>qua</strong></span> <span class='ocrx_word' id='word_1_7' title='bbox 742 563 780 637; x_wconf 92' lang='lat' dir='ltr'><strong>in</strong></span> <span class='ocrx_word' id='word_1_8' title='bbox 808 563 868 638; x_wconf 89' lang='lat' dir='ltr'><strong>his</strong></span> <span class='ocrx_word' id='word_1_9' title='bbox 899 562 940 638; x_wconf 81' lang='lat' dir='ltr'><strong>dt</strong></span> <span class='ocrx_word' id='word_1_10' title='bbox 969 561 1051 636; x_wconf 87' lang='lat' dir='ltr'><strong>aliis</strong></span> <span class='ocrx_word' id='word_1_11' title='bbox 1084 557 1272 658; x_wconf 75' lang='lat' dir='ltr'>specialem</span> <span class='ocrx_word' id='word_1_12' title='bbox 1306 559 1348 654; x_wconf 83' lang='lat' dir='ltr'><strong>iq</strong></span> <span class='ocrx_word' id='word_1_13' title='bbox 1372 556 1532 636; x_wconf 86' lang='lat' dir='ltr'><strong>Domino</strong></span> <span class='ocrx_word' id='word_1_14' title='bbox 1557 553 1731 635; x_wconf 80' lang='lat' dir='ltr'><strong>fiduciam</strong></span> 
     </span>
     <span class='ocr_line' id='line_1_3' title="bbox 105 668 1730 782; baseline -0.008 -19"><span class='ocrx_word' id='word_1_15' title='bbox 105 688 329 767; x_wconf 81' lang='lat' dir='ltr'><strong>obtinemus,</strong></span> <span class='ocrx_word' id='word_1_16' title='bbox 350 668 418 782; x_wconf 85' lang='lat' dir='ltr'><strong>per</strong></span> <span class='ocrx_word' id='word_1_17' title='bbox 449 681 656 779; x_wconf 82' lang='lat' dir='ltr'><strong>Apostolica</strong></span> <span class='ocrx_word' id='word_1_18' title='bbox 679 683 809 780; x_wconf 81' lang='lat' dir='ltr'><strong>scripta</strong></span> <span class='ocrx_word' id='word_1_19' title='bbox 833 681 1099 758; x_wconf 75' lang='lat' dir='ltr'><strong>committImus</strong></span> <span class='ocrx_word' id='word_1_20' title='bbox 1124 679 1164 755; x_wconf 84' lang='lat' dir='ltr'><strong>dc</strong></span> <span class='ocrx_word' id='word_1_21' title='bbox 1190 680 1431 767; x_wconf 81' lang='lat' dir='ltr'><strong>mandamus,</strong></span> <span class='ocrx_word' id='word_1_22' title='bbox 1456 691 1658 776; x_wconf 84' lang='lat' dir='ltr'><strong>quatenns,</strong></span> <span class='ocrx_word' id='word_1_23' title='bbox 1681 673 1730 761; x_wconf 86' lang='lat' dir='ltr'><strong>li.</strong></span> 
     </span>
     <span class='ocr_line' id='line_1_4' title="bbox 103 796 1730 902; baseline -0.007 -21"><span class='ocrx_word' id='word_1_24' title='bbox 103 805 141 881; x_wconf 82' lang='lat' dir='ltr'><strong>dt</strong></span> <span class='ocrx_word' id='word_1_25' title='bbox 162 804 349 902; x_wconf 83' lang='lat' dir='ltr'><strong>postquam</strong></span> <span class='ocrx_word' id='word_1_26' title='bbox 378 804 450 900; x_wconf 78' lang='lat' dir='ltr'><strong>ipsa</strong></span> <span class='ocrx_word' id='word_1_27' title='bbox 484 801 641 878; x_wconf 82' lang='lat' dir='ltr'><strong>Ecclesia</strong></span> <span class='ocrx_word' id='word_1_28' title='bbox 675 825 740 898; x_wconf 88' lang='lat' dir='ltr'><strong>pro</strong></span> <span class='ocrx_word' id='word_1_29' title='bbox 770 800 984 895; x_wconf 82' lang='lat' dir='ltr'><strong>hujusmodi</strong></span> <span class='ocrx_word' id='word_1_30' title='bbox 1023 796 1227 895; x_wconf 88' lang='lat' dir='ltr'><strong>Praeposito</strong></span> <span class='ocrx_word' id='word_1_31' title='bbox 1263 799 1303 874; x_wconf 74' lang='lat' dir='ltr'><strong>u</strong></span> <span class='ocrx_word' id='word_1_32' title='bbox 1330 797 1529 873; x_wconf 87' lang='lat' dir='ltr'><strong>Canonicis</strong></span> <span class='ocrx_word' id='word_1_33' title='bbox 1569 819 1730 890; x_wconf 84' lang='lat' dir='ltr'><strong>congrue</strong></span> 
     </span>
     <span class='ocr_line' id='line_1_5' title="bbox 102 915 1731 1017; baseline -0.004 -19"><span class='ocrx_word' id='word_1_34' title='bbox 102 927 231 998; x_wconf 84' lang='lat' dir='ltr'><strong>dotata</strong></span> <span class='ocrx_word' id='word_1_35' title='bbox 262 922 392 1007; x_wconf 73' lang='lat' dir='ltr'><strong>fixerit,</strong></span> <span class='ocrx_word' id='word_1_36' title='bbox 416 935 457 997; x_wconf 71' lang='grc'><strong>11</strong></span> <span class='ocrx_word' id='word_1_37' title='bbox 480 924 695 1017; x_wconf 83' lang='lat' dir='ltr'><strong>praefertur,</strong></span> <span class='ocrx_word' id='word_1_38' title='bbox 741 923 912 995; x_wconf 87' lang='lat' dir='ltr'><strong>eamdem</strong></span> <span class='ocrx_word' id='word_1_39' title='bbox 941 918 1135 995; x_wconf 81' lang='lat' dir='ltr'><strong>Ecclefiam</strong></span> <span class='ocrx_word' id='word_1_40' title='bbox 1171 918 1208 991; x_wconf 94' lang='lat' dir='ltr'><strong>in</strong></span> <span class='ocrx_word' id='word_1_41' title='bbox 1246 915 1473 1009; x_wconf 74' lang='lat' dir='ltr'><strong>collegiatam</strong></span> <span class='ocrx_word' id='word_1_42' title='bbox 1504 916 1731 993; x_wconf 74' lang='lat' dir='ltr'><strong>Austoritate</strong></span> 
     </span>
     <span class='ocr_line' id='line_1_6' title="bbox 101 1034 1733 1139; baseline -0.004 -20"><span class='ocrx_word' id='word_1_43' title='bbox 101 1040 309 1139; x_wconf 77' lang='lat' dir='ltr'><strong>Apostolica</strong></span> <span class='ocrx_word' id='word_1_44' title='bbox 327 1039 485 1134; x_wconf 84' lang='lat' dir='ltr'><strong>erigere,</strong></span> <span class='ocrx_word' id='word_1_45' title='bbox 507 1065 552 1115; x_wconf 90' lang='lat' dir='ltr'><strong>ac</strong></span> <span class='ocrx_word' id='word_1_46' title='bbox 571 1040 689 1114; x_wconf 86' lang='lat' dir='ltr'><strong>titulis</strong></span> <span class='ocrx_word' id='word_1_47' title='bbox 708 1038 930 1134; x_wconf 73' lang='lat' dir='ltr'><strong>collegiatae</strong></span> <span class='ocrx_word' id='word_1_48' title='bbox 954 1038 1087 1112; x_wconf 79' lang='lat' dir='ltr'><strong>debitis</strong></span> <span class='ocrx_word' id='word_1_49' title='bbox 1109 1035 1294 1129; x_wconf 82' lang='lat' dir='ltr'><strong>insignire,</strong></span> <span class='ocrx_word' id='word_1_50' title='bbox 1322 1035 1506 1133; x_wconf 82' lang='lat' dir='ltr'><strong>ipsamque</strong></span> <span class='ocrx_word' id='word_1_51' title='bbox 1535 1034 1733 1113; x_wconf 82' lang='lat' dir='ltr'><strong>Ecclefiam</strong></span> 
     </span>
     <span class='ocr_line' id='line_1_7' title="bbox 103 1154 1735 1257; baseline -0.002 -21"><span class='ocrx_word' id='word_1_52' title='bbox 103 1164 151 1236; x_wconf 90' lang='lat' dir='ltr'><strong>de</strong></span> <span class='ocrx_word' id='word_1_53' title='bbox 178 1172 302 1235; x_wconf 85' lang='lat' dir='ltr'><strong>cetero</strong></span> <span class='ocrx_word' id='word_1_54' title='bbox 327 1160 513 1257; x_wconf 86' lang='lat' dir='ltr'><strong>perpetuis</strong></span> <span class='ocrx_word' id='word_1_55' title='bbox 538 1159 670 1237; x_wconf 85' lang='lat' dir='ltr'><strong>suturis</strong></span> <span class='ocrx_word' id='word_1_56' title='bbox 698 1160 921 1257; x_wconf 87' lang='lat' dir='ltr'><strong>temporibus</strong></span> <span class='ocrx_word' id='word_1_57' title='bbox 947 1180 1022 1230; x_wconf 94' lang='lat' dir='ltr'><strong>non</strong></span> <span class='ocrx_word' id='word_1_58' title='bbox 1048 1154 1267 1251; x_wconf 66' lang='lat' dir='ltr'><strong>paululas,</strong></span> <span class='ocrx_word' id='word_1_59' title='bbox 1304 1155 1365 1230; x_wconf 91' lang='lat' dir='ltr'><strong>sed</strong></span> <span class='ocrx_word' id='word_1_60' title='bbox 1390 1162 1577 1248; x_wconf 61' lang='lat' dir='ltr'><strong>religioni</strong></span> <span class='ocrx_word' id='word_1_61' title='bbox 1608 1155 1735 1232; x_wconf 84' lang='lat' dir='ltr'><strong>Eccle-</strong></span> 
     </span>
     <span class='ocr_line' id='line_1_8' title="bbox 101 1273 1735 1375; baseline -0.001 -21"><span class='ocrx_word' id='word_1_62' title='bbox 101 1280 189 1354; x_wconf 84' lang='lat' dir='ltr'><strong>tiam</strong></span> <span class='ocrx_word' id='word_1_63' title='bbox 212 1280 511 1375; x_wconf 86' lang='lat' dir='ltr'><strong>nuncupandam,</strong></span> <span class='ocrx_word' id='word_1_64' title='bbox 541 1283 580 1357; x_wconf 82' lang='lat' dir='ltr'><strong>di</strong></span> <span class='ocrx_word' id='word_1_65' title='bbox 598 1278 813 1353; x_wconf 87' lang='lat' dir='ltr'><strong>censendam</strong></span> <span class='ocrx_word' id='word_1_66' title='bbox 837 1277 931 1360; x_wconf 90' lang='lat' dir='ltr'><strong>sore,</strong></span> <span class='ocrx_word' id='word_1_67' title='bbox 957 1274 1130 1358; x_wconf 85' lang='lat' dir='ltr'><strong>statuere,</strong></span> <span class='ocrx_word' id='word_1_68' title='bbox 1155 1277 1195 1352; x_wconf 84' lang='lat' dir='ltr'><strong>dr</strong></span> <span class='ocrx_word' id='word_1_69' title='bbox 1220 1273 1362 1370; x_wconf 91' lang='lat' dir='ltr'><strong>insuper</strong></span> <span class='ocrx_word' id='word_1_70' title='bbox 1384 1275 1512 1351; x_wconf 89' lang='lat' dir='ltr'><strong>omnia</strong></span> <span class='ocrx_word' id='word_1_71' title='bbox 1536 1278 1575 1353; x_wconf 82' lang='grc'><strong>11</strong></span> <span class='ocrx_word' id='word_1_72' title='bbox 1597 1276 1735 1373; x_wconf 81' lang='lat' dir='ltr'><strong>singula</strong></span> 
     </span>
     <span class='ocr_line' id='line_1_9' title="bbox 102 1396 1735 1496; baseline -0.002 -21"><span class='ocrx_word' id='word_1_73' title='bbox 102 1400 253 1484; x_wconf 73' lang='lat' dir='ltr'><strong>muna,</strong></span> <span class='ocrx_word' id='word_1_74' title='bbox 293 1401 334 1477; x_wconf 82' lang='lat' dir='ltr'><strong>dt</strong></span> <span class='ocrx_word' id='word_1_75' title='bbox 360 1399 609 1474; x_wconf 86' lang='lat' dir='ltr'><strong>ordinationes</strong></span> <span class='ocrx_word' id='word_1_76' title='bbox 639 1402 678 1476; x_wconf 82' lang='lat' dir='ltr'><strong>di</strong></span> <span class='ocrx_word' id='word_1_77' title='bbox 706 1398 777 1472; x_wconf 83' lang='lat' dir='ltr'><strong>alia</strong></span> <span class='ocrx_word' id='word_1_78' title='bbox 808 1419 1059 1494; x_wconf 90' lang='lat' dir='ltr'><strong>quaecumque</strong></span> <span class='ocrx_word' id='word_1_79' title='bbox 1087 1417 1151 1490; x_wconf 88' lang='lat' dir='ltr'><strong>per</strong></span> <span class='ocrx_word' id='word_1_80' title='bbox 1174 1396 1308 1466; x_wconf 70' lang='lat' dir='ltr'><strong>cauda·</strong></span> <span class='ocrx_word' id='word_1_81' title='bbox 1338 1396 1485 1469; x_wconf 63' lang='lat' dir='ltr'><strong>wem</strong></span> <span class='ocrx_word' id='word_1_82' title='bbox 1511 1396 1608 1472; x_wconf 86' lang='lat' dir='ltr'><strong>circa</strong></span> <span class='ocrx_word' id='word_1_83' title='bbox 1630 1420 1735 1496; x_wconf 85' lang='lat' dir='ltr'><strong>prae·</strong></span> 
     </span>
     <span class='ocr_line' id='line_1_10' title="bbox 103 1514 1737 1610; baseline 0 -14"><span class='ocrx_word' id='word_1_84' title='bbox 103 1518 225 1606; x_wconf 82' lang='lat' dir='ltr'><strong>milla,</strong></span> <span class='ocrx_word' id='word_1_85' title='bbox 247 1518 340 1593; x_wconf 83' lang='lat' dir='ltr'><strong>alias</strong></span> <span class='ocrx_word' id='word_1_86' title='bbox 365 1531 491 1595; x_wconf 89' lang='lat' dir='ltr'><strong>tamen</strong></span> <span class='ocrx_word' id='word_1_87' title='bbox 519 1519 592 1593; x_wconf 90' lang='lat' dir='ltr'><strong>rite</strong></span> <span class='ocrx_word' id='word_1_88' title='bbox 615 1518 708 1595; x_wconf 74' lang='lat' dir='ltr'><strong>fatu</strong></span> <span class='ocrx_word' id='word_1_89' title='bbox 737 1521 776 1595; x_wconf 78' lang='lat' dir='ltr'><strong>dt</strong></span> <span class='ocrx_word' id='word_1_90' title='bbox 803 1516 988 1599; x_wconf 87' lang='lat' dir='ltr'><strong>ordinata,</strong></span> <span class='ocrx_word' id='word_1_91' title='bbox 1023 1528 1064 1591; x_wconf 84' lang='lat' dir='ltr'><strong>vt</strong></span> <span class='ocrx_word' id='word_1_92' title='bbox 1090 1514 1303 1610; x_wconf 80' lang='lat' dir='ltr'><strong>praefertur,</strong></span> <span class='ocrx_word' id='word_1_93' title='bbox 1335 1536 1432 1610; x_wconf 86' lang='lat' dir='ltr'><strong>quae</strong></span> <span class='ocrx_word' id='word_1_94' title='bbox 1458 1519 1517 1590; x_wconf 76' lang='lat' dir='ltr'><strong>sisi</strong></span> <span class='ocrx_word' id='word_1_95' title='bbox 1538 1515 1737 1598; x_wconf 67' lang='lat' dir='ltr'><strong>secumdum</strong></span> 
     </span>
     <span class='ocr_line' id='line_1_11' title="bbox 107 1632 1737 1735; baseline 0.001 -21"><span class='ocrx_word' id='word_1_96' title='bbox 107 1637 429 1717; x_wconf 85' lang='lat' dir='ltr'><strong>Deum&#39;videntur</strong></span> <span class='ocrx_word' id='word_1_97' title='bbox 461 1637 651 1735; x_wconf 73' lang='lat' dir='ltr'><strong>expedre,</strong></span> <span class='ocrx_word' id='word_1_98' title='bbox 700 1638 802 1733; x_wconf 90' lang='lat' dir='ltr'><strong>super</strong></span> <span class='ocrx_word' id='word_1_99' title='bbox 823 1634 956 1732; x_wconf 80' lang='lat' dir='ltr'><strong>quibus</strong></span> <span class='ocrx_word' id='word_1_100' title='bbox 984 1637 1099 1711; x_wconf 84' lang='lat' dir='ltr'><strong>etiarn</strong></span> <span class='ocrx_word' id='word_1_101' title='bbox 1131 1647 1236 1708; x_wconf 84' lang='lat' dir='ltr'><strong>tuam</strong></span> <span class='ocrx_word' id='word_1_102' title='bbox 1275 1632 1531 1711; x_wconf 79' lang='lat' dir='ltr'><strong>conscientiam</strong></span> <span class='ocrx_word' id='word_1_103' title='bbox 1565 1636 1737 1716; x_wconf 82' lang='lat' dir='ltr'><strong>volumus</strong></span> 
     </span>
     <span class='ocr_line' id='line_1_12' title="bbox 106 1752 1737 1856; baseline -0.002 -22"><span class='ocrx_word' id='word_1_104' title='bbox 106 1756 270 1841; x_wconf 85' lang='lat' dir='ltr'><strong>onerari.</strong></span> <span class='ocrx_word' id='word_1_105' title='bbox 301 1760 434 1833; x_wconf 86' lang='lat' dir='ltr'><strong>eadem</strong></span> <span class='ocrx_word' id='word_1_106' title='bbox 461 1757 666 1856; x_wconf 78' lang='lat' dir='ltr'><strong>apostolica</strong></span> <span class='ocrx_word' id='word_1_107' title='bbox 693 1756 920 1835; x_wconf 72' lang='lat' dir='ltr'><strong>Austoritate</strong></span> <span class='ocrx_word' id='word_1_108' title='bbox 948 1755 1192 1839; x_wconf 79' lang='lat' dir='ltr'><strong>confirmare,</strong></span> <span class='ocrx_word' id='word_1_109' title='bbox 1230 1754 1270 1830; x_wconf 83' lang='lat' dir='ltr'><strong>dt</strong></span> <span class='ocrx_word' id='word_1_110' title='bbox 1297 1752 1502 1847; x_wconf 85' lang='lat' dir='ltr'><strong>Apostolico</strong></span> <span class='ocrx_word' id='word_1_111' title='bbox 1532 1758 1737 1838; x_wconf 77' lang='lat' dir='ltr'><strong>munimine</strong></span> 
     </span>
     <span class='ocr_line' id='line_1_13' title="bbox 104 1871 1738 1975; baseline -0.002 -19"><span class='ocrx_word' id='word_1_112' title='bbox 104 1880 284 1956; x_wconf 84' lang='lat' dir='ltr'><strong>roborare</strong></span> <span class='ocrx_word' id='word_1_113' title='bbox 306 1879 490 1975; x_wconf 82' lang='lat' dir='ltr'><strong>procures.</strong></span> <span class='ocrx_word' id='word_1_114' title='bbox 565 1876 776 1973; x_wconf 87' lang='lat' dir='ltr'><strong>Supplendo</strong></span> <span class='ocrx_word' id='word_1_115' title='bbox 811 1875 1049 1953; x_wconf 90' lang='lat' dir='ltr'><strong>nihilominus</strong></span> <span class='ocrx_word' id='word_1_116' title='bbox 1074 1896 1205 1949; x_wconf 78' lang='lat' dir='ltr'><strong>omnes</strong></span> <span class='ocrx_word' id='word_1_117' title='bbox 1244 1873 1282 1951; x_wconf 85' lang='lat' dir='ltr'><strong>dt</strong></span> <span class='ocrx_word' id='word_1_118' title='bbox 1302 1871 1458 1967; x_wconf 82' lang='lat' dir='ltr'><strong>fingulos</strong></span> <span class='ocrx_word' id='word_1_119' title='bbox 1491 1875 1672 1968; x_wconf 74' lang='lat' dir='ltr'><strong>defessus,</strong></span> <span class='ocrx_word' id='word_1_120' title='bbox 1708 1881 1738 1960; x_wconf 75' lang='lat' dir='ltr'>fi</span> 
     </span>
     <span class='ocr_line' id='line_1_14' title="bbox 107 1994 860 2098; baseline -0.005 -25"><span class='ocrx_word' id='word_1_121' title='bbox 107 1997 176 2098; x_wconf 91' lang='lat' dir='ltr'><strong>qui</strong></span> <span class='ocrx_word' id='word_1_122' title='bbox 203 1997 322 2073; x_wconf 70' lang='lat' dir='ltr'><strong>masan</strong></span> <span class='ocrx_word' id='word_1_123' title='bbox 352 1995 616 2074; x_wconf 79' lang='lat' dir='ltr'><strong>intenienerint</strong></span> <span class='ocrx_word' id='word_1_124' title='bbox 643 1995 683 2071; x_wconf 91' lang='lat' dir='ltr'><strong>in</strong></span> <span class='ocrx_word' id='word_1_125' title='bbox 700 1994 860 2070; x_wconf 64' lang='lat' dir='ltr'><strong>&#39;eudem</strong></span> 
     </span>
    </p>
   </div>
   <div class='ocr_carea' id='block_1_3' title="bbox 106 2229 1740 2437">
    <p class='ocr_par' dir='ltr' id='par_1_3' title="bbox 106 2229 1740 2437">
     <span class='ocr_line' id='line_1_15' title="bbox 204 2229 1740 2401; baseline 0.003 -89"><span class='ocrx_word' id='word_1_126' title='bbox 204 2236 346 2312; x_wconf 74' lang='lat' dir='ltr'><strong>Datim</strong></span> <span class='ocrx_word' id='word_1_127' title='bbox 386 2236 528 2312; x_wconf 88' lang='lat' dir='ltr'><strong>Romae</strong></span> <span class='ocrx_word' id='word_1_128' title='bbox 564 2237 662 2337; x_wconf 92' lang='lat' dir='ltr'><strong>apud</strong></span> <span class='ocrx_word' id='word_1_129' title='bbox 691 2235 867 2314; x_wconf 67' lang='lat' dir='ltr'><strong>Sanctum</strong></span> <span class='ocrx_word' id='word_1_130' title='bbox 903 2233 1053 2311; x_wconf 86' lang='lat' dir='ltr'><strong>Petrum</strong></span> <span class='ocrx_word' id='word_1_131' title='bbox 1084 2229 1258 2307; x_wconf 87' lang='lat' dir='ltr'><strong>Calendis</strong></span> <span class='ocrx_word' id='word_1_132' title='bbox 1287 2231 1458 2401; x_wconf 84' lang='lat' dir='ltr'><strong>Augusti.</strong></span> <span class='ocrx_word' id='word_1_133' title='bbox 1497 2234 1740 2317; x_wconf 76' lang='lat' dir='ltr'><strong>pontificatus</strong></span> 
     </span>
     <span class='ocr_line' id='line_1_16' title="bbox 106 2355 516 2437; baseline -0.013 -1"><span class='ocrx_word' id='word_1_134' title='bbox 106 2355 231 2436; x_wconf 78' lang='lat' dir='ltr'><strong>Nostri</strong></span> <span class='ocrx_word' id='word_1_135' title='bbox 263 2356 375 2437; x_wconf 84' lang='lat' dir='ltr'><strong>Anno</strong></span> <span class='ocrx_word' id='word_1_136' title='bbox 404 2380 516 2434; x_wconf 86' lang='lat' dir='ltr'><strong>nono.</strong></span> 
     </span>
    </p>
   </div>
   <div class='ocr_carea' id='block_1_4' title="bbox 1129 2491 1656 2669">
    <p class='ocr_par' dir='ltr' id='par_1_4' title="bbox 1129 2491 1656 2669">
     <span class='ocr_line' id='line_1_17' title="bbox 1129 2491 1656 2569; baseline 0.015 -9"><span class='ocrx_word' id='word_1_137' title='bbox 1129 2491 1232 2560; x_wconf 76' lang='lat' dir='ltr'><strong>Gratis</strong></span> <span class='ocrx_word' id='word_1_138' title='bbox 1273 2494 1313 2555; x_wconf 87' lang='lat' dir='ltr'><strong>de</strong></span> <span class='ocrx_word' id='word_1_139' title='bbox 1345 2495 1492 2563; x_wconf 79' lang='lat' dir='ltr'><strong>Mandato</strong></span> <span class='ocrx_word' id='word_1_140' title='bbox 1527 2497 1656 2569; x_wconf 79' lang='lat' dir='ltr'><strong>Domini</strong></span> 
     </span>
     <span class='ocr_line' id='line_1_18' title="bbox 1174 2599 1392 2669; baseline 0.009 -3"><span class='ocrx_word' id='word_1_141' title='bbox 1174 2599 1277 2666; x_wconf 78' lang='lat' dir='ltr'><strong>Noflri</strong></span> <span class='ocrx_word' id='word_1_142' title='bbox 1304 2601 1335 2666; x_wconf 81' lang='grc' dir='ltr'><strong>Ρ.</strong></span> <span class='ocrx_word' id='word_1_143' title='bbox 1357 2603 1392 2669; x_wconf 84' lang='grc' dir='ltr'><strong>Ρ.</strong></span> 
     </span>
    </p>
   </div>
   <div class='ocr_carea' id='block_1_5' title="bbox 1264 2800 1620 2886">
    <p class='ocr_par' dir='ltr' id='par_1_5' title="bbox 1264 2800 1620 2886">
     <span class='ocr_line' id='line_1_19' title="bbox 1264 2800 1620 2886; baseline 0.017 -9"><span class='ocrx_word' id='word_1_144' title='bbox 1264 2800 1620 2886; x_wconf 83' lang='lat' dir='ltr'><strong>PARlDANVS.</strong></span> 
     </span>
    </p>
   </div>
   <div class='ocr_carea' id='block_1_6' title="bbox 111 3084 1743 3651">
    <p class='ocr_par' dir='ltr' id='par_1_6' title="bbox 111 3084 1743 3651">
     <span class='ocr_line' id='line_1_20' title="bbox 208 3084 1742 3189; baseline -0.001 -18"><span class='ocrx_word' id='word_1_145' title='bbox 208 3093 318 3171; x_wconf 85' lang='lat' dir='ltr'><strong>Hanc</strong></span> <span class='ocrx_word' id='word_1_146' title='bbox 340 3088 488 3181; x_wconf 85' lang='lat' dir='ltr'><strong>Bullam</strong></span> <span class='ocrx_word' id='word_1_147' title='bbox 511 3086 742 3164; x_wconf 77' lang='lat' dir='ltr'><strong>pontificiam</strong></span> <span class='ocrx_word' id='word_1_148' title='bbox 766 3108 864 3162; x_wconf 91' lang='lat' dir='ltr'><strong>anno</strong></span> <span class='ocrx_word' id='word_1_149' title='bbox 892 3098 994 3183; x_wconf 79' lang='grc'>13113.</span> <span class='ocrx_word' id='word_1_150' title='bbox 1021 3084 1143 3164; x_wconf 85' lang='lat' dir='ltr'><strong>debita</strong></span> <span class='ocrx_word' id='word_1_151' title='bbox 1167 3108 1253 3166; x_wconf 92' lang='lat' dir='ltr'><strong>cum</strong></span> <span class='ocrx_word' id='word_1_152' title='bbox 1275 3087 1496 3177; x_wconf 87' lang='lat' dir='ltr'><strong>reuerentia,</strong></span> <span class='ocrx_word' id='word_1_153' title='bbox 1528 3112 1594 3189; x_wconf 88' lang='lat' dir='ltr'><strong>per</strong></span> <span class='ocrx_word' id='word_1_154' title='bbox 1630 3090 1742 3170; x_wconf 71' lang='lat' dir='ltr'><strong>‹sier-</strong></span> 
     </span>
     <span class='ocr_line' id='line_1_21' title="bbox 111 3204 1741 3309; baseline -0.002 -21"><span class='ocrx_word' id='word_1_155' title='bbox 111 3226 184 3291; x_wconf 75' lang='lat' dir='ltr'><strong>tn</strong></span> <span class='ocrx_word' id='word_1_156' title='bbox 206 3216 354 3288; x_wconf 73' lang='grc'>0111111111</span> <span class='ocrx_word' id='word_1_157' title='bbox 377 3210 658 3309; x_wconf 84' lang='lat' dir='ltr'><strong>praesentatam,</strong></span> <span class='ocrx_word' id='word_1_158' title='bbox 682 3209 819 3305; x_wconf 88' lang='lat' dir='ltr'><strong>recepit</strong></span> <span class='ocrx_word' id='word_1_159' title='bbox 843 3206 984 3306; x_wconf 68' lang='lat' dir='ltr'><strong>pomos</strong></span> <span class='ocrx_word' id='word_1_160' title='bbox 1007 3211 1047 3282; x_wconf 80' lang='lat' dir='ltr'><strong>os</strong></span> <span class='ocrx_word' id='word_1_161' title='bbox 1072 3204 1253 3306; x_wconf 71' lang='lat' dir='ltr'><strong>Effodorff</strong></span> <span class='ocrx_word' id='word_1_162' title='bbox 1272 3205 1382 3284; x_wconf 73' lang='lat' dir='ltr'><strong>Ablue</strong></span> <span class='ocrx_word' id='word_1_163' title='bbox 1411 3210 1667 3307; x_wconf 66' lang='lat' dir='ltr'><strong>Wazgartensss,</strong></span> <span class='ocrx_word' id='word_1_164' title='bbox 1700 3214 1741 3291; x_wconf 82' lang='lat' dir='ltr'><strong>in</strong></span> 
     </span>
     <span class='ocr_line' id='line_1_22' title="bbox 111 3326 1743 3432; baseline -0.001 -21"><span class='ocrx_word' id='word_1_165' title='bbox 111 3335 156 3411; x_wconf 87' lang='lat' dir='ltr'><strong>id</strong></span> <span class='ocrx_word' id='word_1_166' title='bbox 178 3333 353 3428; x_wconf 86' lang='lat' dir='ltr'><strong>deinceps</strong></span> <span class='ocrx_word' id='word_1_167' title='bbox 373 3328 551 3407; x_wconf 88' lang='lat' dir='ltr'><strong>solerter</strong></span> <span class='ocrx_word' id='word_1_168' title='bbox 539 3342 723 3415; x_wconf 78' lang='lat' dir='ltr'><strong>intentus,</strong></span> <span class='ocrx_word' id='word_1_169' title='bbox 748 3341 788 3404; x_wconf 89' lang='lat' dir='ltr'><strong>vt</strong></span> <span class='ocrx_word' id='word_1_170' title='bbox 809 3328 855 3402; x_wconf 92' lang='lat' dir='ltr'><strong>ad</strong></span> <span class='ocrx_word' id='word_1_171' title='bbox 877 3326 1084 3403; x_wconf 85' lang='lat' dir='ltr'><strong>instantiam</strong></span> <span class='ocrx_word' id='word_1_172' title='bbox 1108 3326 1266 3403; x_wconf 85' lang='lat' dir='ltr'><strong>Comitis</strong></span> <span class='ocrx_word' id='word_1_173' title='bbox 1288 3328 1400 3405; x_wconf 87' lang='lat' dir='ltr'><strong>hasce</strong></span> <span class='ocrx_word' id='word_1_174' title='bbox 1424 3329 1565 3406; x_wconf 87' lang='lat' dir='ltr'><strong>Literas</strong></span> <span class='ocrx_word' id='word_1_175' title='bbox 1588 3331 1743 3432; x_wconf 79' lang='lat' dir='ltr'><strong>Apollo-</strong></span> 
     </span>
     <span class='ocr_line' id='line_1_23' title="bbox 112 3444 1743 3575; baseline -0.001 -44"><span class='ocrx_word' id='word_1_176' title='bbox 112 3453 206 3531; x_wconf 82' lang='lat' dir='ltr'><strong>licas</strong></span> <span class='ocrx_word' id='word_1_177' title='bbox 231 3465 409 3548; x_wconf 89' lang='lat' dir='ltr'><strong>tanquam</strong></span> <span class='ocrx_word' id='word_1_178' title='bbox 432 3447 659 3569; x_wconf 61' lang='grc'>(1111111111</span> <span class='ocrx_word' id='word_1_179' title='bbox 684 3449 809 3575; x_wconf 83' lang='lat' dir='ltr'><strong>debite</strong></span> <span class='ocrx_word' id='word_1_180' title='bbox 829 3444 1099 3546; x_wconf 87' lang='lat' dir='ltr'><strong>exsequeretur,</strong></span> <span class='ocrx_word' id='word_1_181' title='bbox 1129 3447 1246 3546; x_wconf 82' lang='lat' dir='ltr'><strong>iisque</strong></span> <span class='ocrx_word' id='word_1_182' title='bbox 1272 3471 1426 3548; x_wconf 89' lang='lat' dir='ltr'><strong>quorum</strong></span> <span class='ocrx_word' id='word_1_183' title='bbox 1450 3449 1644 3540; x_wconf 82' lang='lat' dir='ltr'><strong>intererat,</strong></span> <span class='ocrx_word' id='word_1_184' title='bbox 1677 3456 1743 3533; x_wconf 89' lang='lat' dir='ltr'><strong>de·</strong></span> 
     </span>
     <span class='ocr_line' id='line_1_24' title="bbox 115 3568 460 3651; baseline -0.02 0"><span class='ocrx_word' id='word_1_185' title='bbox 115 3584 243 3651; x_wconf 77' lang='lat' dir='ltr'><strong>oelltet</strong></span> <span class='ocrx_word' id='word_1_186' title='bbox 262 3568 460 3647; x_wconf 77' lang='lat' dir='ltr'><strong>intimaret.</strong></span> 
     </span>
    </p>
   </div>
   <div class='ocr_carea' id='block_1_7' title="bbox 119 3798 1782 4925">
    <p class='ocr_par' dir='ltr' id='par_1_7' title="bbox 119 3798 1782 4872">
     <span class='ocr_line' id='line_1_25' title="bbox 211 3798 1782 3903; baseline 0.006 -23"><span class='ocrx_word' id='word_1_187' title='bbox 211 3806 326 3903; x_wconf 77' lang='lat' dir='ltr'><strong>lgitm</strong></span> <span class='ocrx_word' id='word_1_188' title='bbox 359 3829 458 3881; x_wconf 86' lang='lat' dir='ltr'><strong>anno</strong></span> <span class='ocrx_word' id='word_1_189' title='bbox 487 3804 647 3903; x_wconf 88' lang='lat' dir='ltr'><strong>sequenti</strong></span> <span class='ocrx_word' id='word_1_190' title='bbox 682 3824 848 3903; x_wconf 65' lang='grc'>131111.</span> <span class='ocrx_word' id='word_1_191' title='bbox 883 3798 1020 3901; x_wconf 85' lang='lat' dir='ltr'><strong>Aprilis</strong></span> <span class='ocrx_word' id='word_1_192' title='bbox 1052 3804 1100 3880; x_wconf 85' lang='lat' dir='ltr'><strong>ad</strong></span> <span class='ocrx_word' id='word_1_193' title='bbox 1132 3808 1253 3889; x_wconf 76' lang='lat' dir='ltr'><strong>aslum</strong></span> <span class='ocrx_word' id='word_1_194' title='bbox 1292 3807 1476 3888; x_wconf 89' lang='lat' dir='ltr'><strong>solennem</strong></span> <span class='ocrx_word' id='word_1_195' title='bbox 1516 3809 1744 3891; x_wconf 81' lang='lat' dir='ltr'><strong>Comisionis</strong></span> <span class='ocrx_word' id='word_1_196' title='bbox 1777 3894 1782 3901; x_wconf 66' lang='grc'><strong>,</strong></span> 
     </span>
     <span class='ocr_line' id='line_1_26' title="bbox 119 3906 1744 4028; baseline 0.006 -26"><span class='ocrx_word' id='word_1_197' title='bbox 119 3928 203 4005; x_wconf 82' lang='lat' dir='ltr'><strong>suae</strong></span> <span class='ocrx_word' id='word_1_198' title='bbox 233 3924 432 4025; x_wconf 60' lang='lat' dir='ltr'><strong>proffessus</strong></span> <span class='ocrx_word' id='word_1_199' title='bbox 463 3924 502 4001; x_wconf 92' lang='lat' dir='ltr'><strong>in</strong></span> <span class='ocrx_word' id='word_1_200' title='bbox 534 3924 610 4023; x_wconf 91' lang='lat' dir='ltr'><strong>ipsa</strong></span> <span class='ocrx_word' id='word_1_201' title='bbox 638 3925 798 4001; x_wconf 82' lang='lat' dir='ltr'><strong>Ecclesia</strong></span> <span class='ocrx_word' id='word_1_202' title='bbox 834 3923 1179 4009; x_wconf 84' lang='lat' dir='ltr'><strong>Bettenbrunnenfi‚</strong></span> <span class='ocrx_word' id='word_1_203' title='bbox 1227 3926 1338 4026; x_wconf 87' lang='lat' dir='ltr'><strong>inque</strong></span> <span class='ocrx_word' id='word_1_204' title='bbox 1367 3906 1566 4028; x_wconf 80' lang='lat' dir='ltr'><strong>praesentia</strong></span> <span class='ocrx_word' id='word_1_205' title='bbox 1592 3933 1744 4011; x_wconf 88' lang='lat' dir='ltr'><strong>Domini</strong></span> 
     </span>
     <span class='ocr_line' id='line_1_27' title="bbox 121 4042 1747 4153; baseline 0.006 -30"><span class='ocrx_word' id='word_1_206' title='bbox 121 4045 298 4128; x_wconf 84' lang='lat' dir='ltr'><strong>Comitis,</strong></span> <span class='ocrx_word' id='word_1_207' title='bbox 342 4043 455 4119; x_wconf 89' lang='lat' dir='ltr'><strong>trium</strong></span> <span class='ocrx_word' id='word_1_208' title='bbox 492 4045 736 4120; x_wconf 89' lang='lat' dir='ltr'><strong>Parochorum</strong></span> <span class='ocrx_word' id='word_1_209' title='bbox 769 4069 818 4120; x_wconf 81' lang='lat' dir='ltr'><strong>ex</strong></span> <span class='ocrx_word' id='word_1_210' title='bbox 848 4042 1010 4120; x_wconf 88' lang='lat' dir='ltr'><strong>Dioecesi</strong></span> <span class='ocrx_word' id='word_1_211' title='bbox 1041 4044 1322 4132; x_wconf 84' lang='lat' dir='ltr'><strong>Constantienfi,</strong></span> <span class='ocrx_word' id='word_1_212' title='bbox 1360 4049 1400 4126; x_wconf 68' lang='grc' dir='ltr'>ἃ</span> <span class='ocrx_word' id='word_1_213' title='bbox 1434 4053 1579 4130; x_wconf 84' lang='lat' dir='ltr'><strong>Notarii</strong></span> <span class='ocrx_word' id='word_1_214' title='bbox 1613 4054 1747 4153; x_wconf 85' lang='lat' dir='ltr'><strong>publici</strong></span> 
     </span>
     <span class='ocr_line' id='line_1_28' title="bbox 121 4162 1745 4263; baseline 0.004 -19"><span class='ocrx_word' id='word_1_215' title='bbox 121 4163 410 4263; x_wconf 78' lang='lat' dir='ltr'><strong>Metropolitani,</strong></span> <span class='ocrx_word' id='word_1_216' title='bbox 434 4163 495 4238; x_wconf 88' lang='lat' dir='ltr'><strong>seu</strong></span> <span class='ocrx_word' id='word_1_217' title='bbox 515 4163 818 4258; x_wconf 54' lang='lat' dir='ltr'><strong>moguntinense</strong></span> <span class='ocrx_word' id='word_1_218' title='bbox 845 4188 888 4239; x_wconf 88' lang='lat' dir='ltr'><strong>ac</strong></span> <span class='ocrx_word' id='word_1_219' title='bbox 910 4162 1066 4261; x_wconf 90' lang='lat' dir='ltr'><strong>plurium</strong></span> <span class='ocrx_word' id='word_1_220' title='bbox 1088 4165 1258 4250; x_wconf 87' lang='lat' dir='ltr'><strong>aliorum,</strong></span> <span class='ocrx_word' id='word_1_221' title='bbox 1283 4168 1322 4242; x_wconf 92' lang='lat' dir='ltr'><strong>id</strong></span> <span class='ocrx_word' id='word_1_222' title='bbox 1342 4193 1466 4248; x_wconf 91' lang='lat' dir='ltr'><strong>coram</strong></span> <span class='ocrx_word' id='word_1_223' title='bbox 1486 4171 1636 4248; x_wconf 83' lang='lat' dir='ltr'><strong>testibus</strong></span> <span class='ocrx_word' id='word_1_224' title='bbox 1655 4175 1745 4262; x_wconf 88' lang='lat' dir='ltr'><strong>fide·</strong></span> 
     </span>
     <span class='ocr_line' id='line_1_29' title="bbox 122 4282 1743 4387; baseline 0.006 -27"><span class='ocrx_word' id='word_1_225' title='bbox 122 4283 203 4361; x_wconf 87' lang='lat' dir='ltr'><strong>liter</strong></span> <span class='ocrx_word' id='word_1_226' title='bbox 224 4283 418 4382; x_wconf 83' lang='lat' dir='ltr'><strong>praestitit,</strong></span> <span class='ocrx_word' id='word_1_227' title='bbox 442 4282 577 4359; x_wconf 76' lang='lat' dir='ltr'><strong>distem</strong></span> <span class='ocrx_word' id='word_1_228' title='bbox 602 4283 798 4359; x_wconf 80' lang='lat' dir='ltr'><strong>Ecclesiam</strong></span> <span class='ocrx_word' id='word_1_229' title='bbox 820 4283 859 4358; x_wconf 93' lang='lat' dir='ltr'><strong>in</strong></span> <span class='ocrx_word' id='word_1_230' title='bbox 882 4283 1121 4378; x_wconf 89' lang='lat' dir='ltr'><strong>Collegiatam</strong></span> <span class='ocrx_word' id='word_1_231' title='bbox 1142 4288 1369 4364; x_wconf 74' lang='lat' dir='ltr'><strong>Austoritate</strong></span> <span class='ocrx_word' id='word_1_232' title='bbox 1390 4291 1597 4387; x_wconf 82' lang='lat' dir='ltr'><strong>Apostolica</strong></span> <span class='ocrx_word' id='word_1_233' title='bbox 1616 4295 1743 4380; x_wconf 81' lang='lat' dir='ltr'><strong>erexit,</strong></span> 
     </span>
     <span class='ocr_line' id='line_1_30' title="bbox 126 4402 1746 4513; baseline 0.006 -32"><span class='ocrx_word' id='word_1_234' title='bbox 126 4404 312 4502; x_wconf 69' lang='lat' dir='ltr'><strong>titulisque</strong></span> <span class='ocrx_word' id='word_1_235' title='bbox 345 4402 386 4478; x_wconf 91' lang='lat' dir='ltr'><strong>in</strong></span> <span class='ocrx_word' id='word_1_236' title='bbox 416 4414 631 4500; x_wconf 88' lang='lat' dir='ltr'><strong>perpetuum</strong></span> <span class='ocrx_word' id='word_1_237' title='bbox 657 4403 858 4498; x_wconf 84' lang='lat' dir='ltr'><strong>infigniuit,</strong></span> <span class='ocrx_word' id='word_1_238' title='bbox 894 4403 1031 4507; x_wconf 84' lang='lat' dir='ltr'><strong>solenni</strong></span> <span class='ocrx_word' id='word_1_239' title='bbox 1057 4406 1155 4481; x_wconf 76' lang='lat' dir='ltr'><strong>Astu</strong></span> <span class='ocrx_word' id='word_1_240' title='bbox 1189 4407 1348 4503; x_wconf 87' lang='lat' dir='ltr'><strong>primum</strong></span> <span class='ocrx_word' id='word_1_241' title='bbox 1381 4410 1642 4508; x_wconf 74' lang='lat' dir='ltr'><strong>Praepositam,</strong></span> <span class='ocrx_word' id='word_1_242' title='bbox 1674 4414 1746 4513; x_wconf 90' lang='lat' dir='ltr'><strong>pri·</strong></span> 
     </span>
     <span class='ocr_line' id='line_1_31' title="bbox 127 4521 1746 4631; baseline 0.008 -31"><span class='ocrx_word' id='word_1_243' title='bbox 127 4540 276 4622; x_wconf 77' lang='lat' dir='ltr'><strong>mosque</strong></span> <span class='ocrx_word' id='word_1_244' title='bbox 298 4534 374 4597; x_wconf 86' lang='lat' dir='ltr'><strong>tres</strong></span> <span class='ocrx_word' id='word_1_245' title='bbox 395 4521 604 4598; x_wconf 87' lang='lat' dir='ltr'><strong>Canonicos</strong></span> <span class='ocrx_word' id='word_1_246' title='bbox 628 4523 740 4613; x_wconf 80' lang='lat' dir='ltr'><strong>(insta</strong></span> <span class='ocrx_word' id='word_1_247' title='bbox 762 4522 1023 4620; x_wconf 88' lang='lat' dir='ltr'><strong>nominandos)</strong></span> <span class='ocrx_word' id='word_1_248' title='bbox 1049 4523 1282 4604; x_wconf 85' lang='lat' dir='ltr'><strong>instituendo.</strong></span> <span class='ocrx_word' id='word_1_249' title='bbox 1335 4528 1616 4611; x_wconf 82' lang='lat' dir='ltr'><strong>Instrumentum</strong></span> <span class='ocrx_word' id='word_1_250' title='bbox 1640 4557 1746 4631; x_wconf 86' lang='lat' dir='ltr'><strong>porro</strong></span> 
     </span>
     <span class='ocr_line' id='line_1_32' title="bbox 130 4641 1746 4750; baseline 0.011 -35"><span class='ocrx_word' id='word_1_251' title='bbox 130 4641 308 4739; x_wconf 89' lang='lat' dir='ltr'><strong>publicum</strong></span> <span class='ocrx_word' id='word_1_252' title='bbox 332 4641 481 4739; x_wconf 90' lang='lat' dir='ltr'><strong>desuper</strong></span> <span class='ocrx_word' id='word_1_253' title='bbox 513 4665 538 4716; x_wconf 93' lang='lat' dir='ltr'><strong>a</strong></span> <span class='ocrx_word' id='word_1_254' title='bbox 568 4643 719 4718; x_wconf 86' lang='lat' dir='ltr'><strong>Notario</strong></span> <span class='ocrx_word' id='word_1_255' title='bbox 746 4644 876 4719; x_wconf 81' lang='lat' dir='ltr'><strong>confici</strong></span> <span class='ocrx_word' id='word_1_256' title='bbox 898 4642 1011 4739; x_wconf 78' lang='lat' dir='ltr'><strong>jussit,</strong></span> <span class='ocrx_word' id='word_1_257' title='bbox 1049 4642 1089 4718; x_wconf 91' lang='lat' dir='ltr'><strong>in</strong></span> <span class='ocrx_word' id='word_1_258' title='bbox 1120 4669 1192 4743; x_wconf 90' lang='lat' dir='ltr'><strong>quo</strong></span> <span class='ocrx_word' id='word_1_259' title='bbox 1223 4648 1327 4744; x_wconf 80' lang='lat' dir='ltr'><strong>Episc</strong></span> <span class='ocrx_word' id='word_1_260' title='bbox 1306 4673 1437 4748; x_wconf 76' lang='lat' dir='ltr'><strong>copum</strong></span> <span class='ocrx_word' id='word_1_261' title='bbox 1469 4653 1746 4750; x_wconf 82' lang='lat' dir='ltr'><strong>&amp;Capitulum</strong></span> 
     </span>
     <span class='ocr_line' id='line_1_33' title="bbox 132 4757 1749 4925; baseline 0.009 -88"><span class='ocrx_word' id='word_1_262' title='bbox 132 4757 394 4925; x_wconf 76' lang='lat' dir='ltr'><strong>constantiense</strong></span> <span class='ocrx_word' id='word_1_263' title='bbox 424 4760 636 4860; x_wconf 86' lang='lat' dir='ltr'><strong>compellat,</strong></span> <span class='ocrx_word' id='word_1_264' title='bbox 674 4760 828 4862; x_wconf 86' lang='lat' dir='ltr'><strong>suaeque</strong></span> <span class='ocrx_word' id='word_1_265' title='bbox 861 4763 1128 4841; x_wconf 76' lang='lat' dir='ltr'><strong>commissionis</strong></span> <span class='ocrx_word' id='word_1_266' title='bbox 1161 4768 1198 4844; x_wconf 81' lang='lat' dir='ltr'><strong>dr</strong></span> <span class='ocrx_word' id='word_1_267' title='bbox 1233 4765 1382 4864; x_wconf 79' lang='lat' dir='ltr'><strong>injunsti</strong></span> <span class='ocrx_word' id='word_1_268' title='bbox 1413 4771 1531 4849; x_wconf 86' lang='lat' dir='ltr'><strong>Officii</strong></span> <span class='ocrx_word' id='word_1_269' title='bbox 1558 4774 1749 4872; x_wconf 89' lang='lat' dir='ltr'><strong>obligatio·</strong></span> 
     </span>
    </p>
   </div>
   <div class='ocr_carea' id='block_1_8' title="bbox 987 4881 1749 4979">
    <p class='ocr_par' dir='ltr' id='par_1_8' title="bbox 987 4881 1749 4979">
     <span class='ocr_line' id='line_1_34' title="bbox 987 4881 1749 4979; baseline 0.005 -5"><span class='ocrx_word' id='word_1_270' title='bbox 987 4881 1019 4958; x_wconf 82' lang='lat' dir='ltr'>T</span> <span class='ocrx_word' id='word_1_271' title='bbox 1044 4907 1067 4961; x_wconf 91' lang='lat'>2</span> <span class='ocrx_word' id='word_1_272' title='bbox 1659 4921 1749 4979; x_wconf 87' lang='lat' dir='ltr'><strong>nem</strong></span> 
     </span>
    </p>
   </div>
   <div class='ocr_carea' id='block_1_9' title="bbox 0 0 2151 5670">
    <p class='ocr_par' dir='ltr' id='par_1_9' title="bbox 0 0 2151 5670">
     <span class='ocr_line' id='line_1_35' title="bbox 0 0 2151 5670; baseline 0 0"><span class='ocrx_word' id='word_1_273' title='bbox 0 0 2151 5670; x_wconf 95' lang='lat' dir='ltr'><strong> </strong></span> 
     </span>
    </p>
   </div>
  </div>
 </body>
</html>
