4276 5670
95 484 104 492 .
244 392 335 490 44'.
431 417 433 421 ·
849 390 1268 495 affl*
1664 495 1667 499 ,

103 667 111 677 ἱ
242 573 313 668 jam
334 546 453 669 pridem
475 567 532 669 ipsi
541 569 610 667 filio
624 517 759 671 scorfinn
779 581 811 647 r'n
829 579 984 670 proprium
999 576 1056 669 jur
1078 598 1116 647 ιιι
1131 517 1229 648 indam
1251 548 1570 676 praedio'segregrror
1599 580 1730 670 triginta
1755 571 1874 672 mansis

248 712 288 764 ex
315 694 423 787 qullnr
445 699 560 786 viginti
582 695 640 767 duo
663 695 795 790 pruine
818 689 946 786 Ecclrfie
966 713 1028 789 pro¹
1045 701 1148 783 onipm
1164 695 1295 788 ejardnn
1316 693 1483 787 delegunt,
1515 699 1638 789 reliquis
1665 698 1727 769 rito
1745 711 1804 790 per.
1825 697 1875 769 dr·-

248 813 351 905 uerscr
376 811 524 905 Ecclcsrnr
551 815 655 886 itidem
678 804 820 907 pro'n‘nr
838 806 938 906 requie
964 815 1142 913 distributis.
1200 812 1240 886 In
1259 834 1331 906 quos
1354 815 1508 886 uidelicet
1532 800 1652 907 ‘argnti
1671 815 1873 910 duonrmpsor

237 930 404 1027 firppimta
416 932 494 1028 ficut
514 925 566 1006 ιιι
586 937 667 1005 bru:
697 929 863 1013 manen,
882 930 1147 1033 Luslerlmnaen,
1172 930 1403 1017 Ouramma,
1430 928 1757 1018 fruita-resonare,
1783 941 1875 1031 Aac·

247 1054 423 1136 lunrnr'larc,
449 1045 704 1144 Heilr'gunlrrclre,
735 1043 933 1134 Cizrorelarir,
960 1045 1190 1125 Hcdniriouen.
1248 1050 1303 1125 lta
1316 1048 1445 1125 Codex
1463 1051 1711 1127 traditionum.
1732 1052 1875 1128 ‘Confer

249 1172 463 1265 illrnrtogirm
489 1164 535 1244 ad
560 1168 658 1245 diem
682 1168 768 1243 Idus
788 1167 1026 1253 Nouembris,
1059 1171 1097 1246 dr
1122 1166 1533 1265 circuamWa'ngcrrensr
1557 1171 1674 1268 priore
1695 1169 1808 1246 Anno
1825 1193 1874 1246 ex

249 1289 386 1364 Codice
416 1286 681 1366 Vindobonensr
709 1287 851 1364 editum
880 1286 981 1391 aCl.
1008 1285 1140 1385 jungio
1161 1311 1242 1387 pag.
1268 1312 1326 1384 37.
1363 1287 1458 1384 Orig.
1484 1289 1675 1389 Guelphic.
1700 1289 1803 1366 tom.
1827 1287 1872 1364 V.

36 1509 39 1513 .
246 1405 360 1484 Aliud
389 1431 477 1496 nos,
506 1407 633 1485 faduri
662 1408 781 1484 maius
808 1429 938 1505 operae
967 1407 1146 1507 pretium,
1197 1431 1309 1506 quum
1319 1407 1489 1507 primum
1516 1408 1738 1497 rocauerit,
1760 1408 1874 1483 edere

175 1582 179 1588 -
247 1507 509 1605 ccnstituimus.

344 1766 378 1838 3.
402 1744 486 1822 Non
508 1740 648 1844 *portum
674 1762 749 1820 non
777 1743 916 1832 mirari,
948 1747 1131 1845 quomodo
1152 1749 1225 1843 jure
1255 1747 1401 1822 Gentium
1428 1745 1470 1819 od
1490 1744 1527 1842 se
1563 1703 1716 1842 spetlare
1744 1744 1874 1821 haere·

248 1862 423 1951 (litatem,
452 1865 735 1940 contendentem
756 1863 907 1940 inducat
926 1866 1055 1942 Codex
1075 1868 1193 1959 noster
1209 1865 1456 1945 immeritam
1480 1858 1608 1962 quum‘
1621 1887 1668 1940 ex
1692 1865 1777 1960 Lege
1795 1848 1874 1940 sAlr·

247 1986 440 2061 mrrmornm!
463 1979 649 2077 conceptis
680 1983 847 2059 terminis
877 1984 921 2059 ab
958 1984 1193 2062 Haereditate
1224 1985 1501 2060 excluderentur
1529 1981 1729 2070 foeminae,
1763 1983 1874 2080 quid·
1956 2027 1959 2035 ·

247 2103 414 2204 quidde
440 2126 485 2178 eo
508 2098 567 2188 fir,
594 2101 776 2177 Voluntas
806 2102 982 2200 Principis
1007 2105 1170 2182 maximo
1191 2102 1309 2187 nostro
1325 2103 1438 2179 Bono
1466 2101 1605 2178 irritata
1630 2102 1690 2178 est.
1747 2102 1872 2187 Quam

121 2256 133 2268 ‘
185 2205 186 2208 Ὺ
247 2223 346 2300 enim
379 2220 559 2300 inuidiam
587 2218 650 2296 nbi
676 2220 919 2298 conciliallent
945 2224 1119 2299 Monachi
1147 2222 1351 2321 pollelbone
1392 2233 1577 2297 tantorum
1613 2221 1871 2300 Dominiorurn

250 2345 288 2423 u
310 2342 498 2420 Bonorum
514 2343 555 2416 orl
581 2339 698 2434 erfos
719 2339 990 2416 adtinentium?
1016 2341 1143 2420 Feileri
1159 2341 1411 2429 Calurrmiam,
1425 2382 1486 2436 .···
1510 2363 1619 2438 quarn
1641 2340 1751 2416 nullis
1772 2363 1874 2439 pror·
1900 2406 1905 2413 .

203 2470 205 2474 “
248 2461 306 2540 sus
333 2459 465 2537 tabulis
493 2458 682 2541 subsultam
710 2458 942 2556 impudenter
967 2461 1121 2550 effutit,
1147 2461 1239 2537 nihil
1268 2482 1406 2547 moror,
1441 2459 1526 2536 alibi
1552 2460 1734 2537 mendacii
1753 2461 1873 2560 postu·

247 2581 344 2665 labo,
371 2580 466 2654 aliud
493 2579 579 2654 viris
606 2577 721 2655 nortis
746 2580 793 2652 de
816 2579 1008 2655 Monachis
1038 2581 1213 2676 judicium
1235 2580 1296 2656 est.
1344 2578 1426 2655 Hos
1457 2580 1523 2655 nin
1547 2579 1786 2668 haberemus,
1807 2581 1887 2657 ai·
1951 2672 1956 2681 .

247 2699 407 2778 firmauit
434 2697 527 2775 mihi
549 2720 624 2772 non
655 2695 710 2773 ita
739 2696 879 2794 pridem
907 2722 955 2776 ex
985 2700 1268 2802 Protestantibus
1292 2699 1347 2777 vir
1375 2699 1557 2787 eruditus,
1590 2722 1673 2776 cum
1694 2700 1874 2795 ’ignoran-

247 2820 387 2900 tillimis
409 2817 579 2918 pleraque
603 2816 860 2914 ignoraremus.
935 2817 1109 2899 Ceterum
1129 2819 1302 2897 falluntru
1322 2818 1472 2918 quidam
1496 2841 1543 2895 ex
1568 2819 1712 2906 nostris,
1752 2819 1916 2898 existi«

84 2963 89 2973 ·
167 2940 170 2946 ’
246 2953 413 3021 mantes,
450 2940 613 3013 monum
637 2960 747 3032 quoquc
769 2941 971 3013 Cornum
992 2962 1153 3016 necnon
1177 2921 1583 3040 &murmillonem
1610 2935 1787 3037 Principis
1817 2938 1873 3018 vl-

247 3061 338 3139 tima
361 3059 548 3138 voluntate
576 3058 791 3132 blonallerio
817 3059 936 3134 nostro
966 3059 1066 3134 fuille
1094 3060 1305 3144 destinatos,
1338 3058 1573 3154 nentiquam!
1606 3083 1693 3133 nam
1726 3062 1764 3138 dr
1799 3043 1873 3157 lpse
1936 3104 1941 3109 -

248 3177 480 3275 Beneficiarr'o
462 3200 533 3274 pura
557 3177 736 3252 duntaxat
758 3175 890 3252 horum
913 3176 1095 3254 Dominus
1119 3191 1214 3266 erat,
1239 3173 1390 3271 Beneficio
1409 3199 1494 3255 vero
1512 3168 1753 3254 haereditaria
1776 3201 1872 3256 non·

248 3303 336 3377 dum
357 3307 481 3398 erant3
505 3284 602 3372 unde
623 3317 690 3370 nec
712 3295 833 3369 Horres
854 3297 1042 3372 Patrimonir'
1069 3296 1186 3392 Welfici
1205 3297 1352 3373 Aazrnr's
1372 3295 1490 3397 listins
1477 3320 1504 3368 ι
1524 3297 1567 3383 δ’
1590 3290 1744 3457 cluniace
1767 3299 1872 3375 iniru

253 3419 352 3516 {Volso
371 3418 434 3493 IV.
458 3440 503 3493 eo
525 3415 674 3492 Ducatu
694 3413 829 3511 positus
852 3415 939 3492 est.
1159 3434 1161 3439 '

341 3637 423 3718 Quo
445 3656 541 3711 anno
569 3632 694 3710 Abbas
721 3629 784 3708 hic
809 3629 927 3708 noster
960 3631 1098 3728 primus
1130 3631 1260 3708 obierit
1285 3634 1407 3710 Nemo
1434 3631 1667 3709 adnotauitz·
1688 3655 1757 3708 nec
1783 3600 1872 3729 ergo
1899 3655 1907 3663 ··

247 3767 288 3836 vt
317 3755 356 3831 id
392 3776 459 3849 ego
483 3753 615 3828 faciam
646 3751 724 3846 jure
763 3773 872 3826 ame
899 3751 1091 3851 quisquam
1115 3753 1274 3850 prudens
1296 3736 1505 3850 postulabit,
1551 3753 1634 3850 quia
1659 3775 1744 3830 vero
1773 3752 1873 3830 circa
1902 3827 1905 3830 ,

246 3879 397 3954 Annum
427 3897 527 3969 1040.
554 3871 687 3949 eleilus
713 3870 782 3974 eli,
800 3970 802 3976 ,
823 3879 932 3966 atque
964 3873 1010 3945 ab
1036 3896 1132 3948 anno
1161 3896 1264 3969 1047.
1312 3872 1471 3949 Altorffri
1504 3873 1542 3950 dt
1566 3873 1611 3947 ab
1637 3894 1734 3946 anno
1764 3896 1889 3966 1055.

247 3997 284 4075 in
313 3994 549 4088 Weingarten
575 3988 750 4088 praefuit,
772 3988 864 4065 vltra
889 4011 1025 4065 annum
1055 4001 1156 4076 1068.
1207 3991 1296 4086 Ejus
1320 3991 1482 4086 regimen
1505 3991 1715 4088 prolongare
1740 3989 1868 4068 nolim.

245 4116 355 4194 Diem
378 4128 583 4190 extremum
613 4100 740 4188 habuit
770 4105 894 4184 XVHI.
921 4109 1000 4184 Kal.
1026 4109 1127 4186 Febr.
1152 4111 1190 4188 id
1217 4113 1267 4188 est
1296 4137 1350 4205 15.
1376 4111 1547 4211 januarii.
1612 4109 1870 4207 necrologium

241 4232 535 4330 ·‹Weingartense,
561 4230 761 4330 praefixum
782 4224 961 4303 Historiae
984 4231 1031 4305 de
1054 4231 1204 4310 Guelfis
1332 4310 1333 4315 ι
1917 4242 1921 4247 ’

582 4470 1108 4557 ¹BERINGERVS
1170 4470 1406 4558 ABBAS
1444 4471 1510 4556 ΙΙ.

341 4654 451 4729 Hunc
475 4653 684 4731 Abbatem
675 4677 719 4728 eo
745 4663 889 4728 tantum
912 4653 1011 4728 sensu
1035 4652 1178 4727 Pn'num
1199 4649 1370 4747 deinceps
1394 4648 1467 4726 dici
1489 4651 1623 4749 patiar,
1654 4657 1753 4753 quod
1781 4667 1869 4734 ante

132 4791 134 4795 ’
246 4776 342 4853 Eum
366 4779 485 4852 Nemo
511 4777 557 4850 ad
579 4773 676 4850 hanc
700 4771 947 4868 dignitatem
934 4793 975 4850 ιιι
996 4771 1114 4853 Vinea
1138 4777 1244 4849 cletiro
1272 4770 1389 4850 aluis
1417 4769 1545 4860 fuerit,
1572 4775 1741 4854 Heinrtcrs
1767 4778 1875 4854 enim.

1297 5012 1307 5059 x
1607 5011 1610 5020 Ι
1725 4897 1869 4977 duobus
