4276 5670
175 382 293 454 ‘1⁶
850 373 1287 507 &mr

249 564 392 637 nomos
412 564 483 636 stuc
501 559 633 658 ponendo
650 567 854 658 pomorano,
881 569 914 637 in
933 585 994 658 quo
1013 567 1062 636 Ab
1064 568 1146 639 borio
1166 559 1523 665 (Altdorffenii)&
1540 564 1599 663 ipse
1616 565 1799 667 postmodum
1817 568 1875 641 dt·

243 680 374 777 funibus
389 681 552 776 requiescit.
615 678 718 754 Dae
743 681 802 755 his
832 681 950 758 verbis
970 680 1136 758 oriuntur
1159 677 1410 759 Difficultates
1479 706 1510 757 1.
1536 682 1609 768 Qui
1638 683 1801 782 potuerit
1822 687 1895 762 bic

256 799 375 895 sisulfus
398 796 591 874 transferre
612 796 645 871 lo
712 797 931 886 Monachos,
958 823 1070 898 quum
1086 813 1208 920 tamen
1226 799 1468 909 septendecim
1485 801 1616 877 Annos
1640 804 1739 898 prius
1764 793 1876 902 quam

22 958 27 963 ·
83 1004 86 1009 ζ
251 918 323 996 ioci
344 917 499 995 mutatio
524 915 695 1012 contigit,
719 917 908 994 defundus
931 917 1086 1007 fireriti
1122 944 1152 994 2.
1179 920 1372 1004 Quomodo
1398 905 1541 1018 sepeliri
1556 923 1676 1017 potuit
1698 921 1737 997 in
1767 922 1879 997 Aru·

252 1047 297 1115 tio
324 1033 568 1124 Altdorffensi,
598 1034 740 1133 srprior
754 1034 845 1136 ipse,
879 1048 988 1135 atque
1003 1037 1176 1115 Monachi
1201 1038 1274 1114 huc
1295 1040 1556 1126 aduentam,
1599 1038 1722 1116 viuere
1743 1037 1877 1121 destiti
1935 1113 1945 1133 ,

252 1156 419 1257 Inprimis
438 1154 528 1229 citra
549 1154 733 1251 piaculum
754 1154 873 1230 dicere
893 1155 1043 1252 possem,
1069 1157 1294 1234 Monachum
1319 1157 1478 1233 nostrum
1507 1179 1618 1256 prope
1645 1157 1763 1257 sesqui
1787 1157 1879 1234 Sae-

252 1276 334 1355 culo
357 1277 401 1352 ab
429 1273 500 1349 hoc
520 1271 628 1352 satio
655 1283 837 1350 remotum
868 1272 1004 1371 aliquid
1026 1275 1239 1354 humanitus
1262 1275 1362 1352 fuisse
1382 1275 1536 1372 pessum,
1576 1260 1687 1376 atque
1708 1276 1878 1353 Autono-

251 1397 327 1476 mia
344 1397 537 1490 deceptum
560 1392 716 1470 tribuisse
737 1393 850 1477 Porri,
875 1395 974 1491 quod
995 1393 1225 1479 tribuendum
1245 1396 1325 1473 Frsr'o
1350 1396 1478 1472 ibiffet.
1537 1395 1698 1475 Profetio
1723 1399 1877 1500 restauro·
1891 1403 1925 1476 “,

180 1532 182 1537 ·
250 1527 361 1596 uorem
380 1538 465 1591 eum
479 1519 673 1596 nominum
686 1511 896 1588 confudisse·
910 1513 1065 1600 videtur,
1088 1538 1199 1614 quum
1225 1516 1272 1591 de
1304 1520 1358 1591 dio
1379 1515 1495 1592 altum
1514 1513 1636 1592 fileat:
1673 1525 1782 1614 atque
1801 1503 1881 1591 bour

137 1629 138 1632 Ὺ
233 1635 389 1717 >idcirco
425 1632 628 1731 Wlfouiss.
667 1631 822 1708 tribuisse
853 1631 994 1732 pridem
1019 1631 1162 1709 tumulo
1180 1633 1304 1710 inlato.
1379 1636 1516 1730 Verum
1541 1627 1733 1720 insistendo
1764 1634 1881 1712 etiam

148 1814 150 1819 ,
221 1851 228 1859 .
251 1754 372 1834 textui
395 1740 472 1848 oio,
502 1752 637 1847 Wlfum
653 1751 700 1826 ΙΙ.
726 1749 788 1827 srbi
808 1753 957 1850 quidem
973 1752 1155 1850 proposstum
1183 1751 1359 1841 habuisse,
1396 1756 1434 1833 dr
1459 1751 1553 1831 sorte
1578 1751 1730 1854 jamjam
1756 1763 1878 1828 trans·

82 1967 84 1971 ,
250 1874 398 1953 lationis
421 1869 600 1948 inchouise
624 1868 842 1965 Negotium..
895 1872 949 1947 At
972 1894 1085 1969 quum
1106 1883 1268 1969 tempore
1288 1895 1379 1974 opus
1401 1870 1504 1956 esset,
1536 1880 1576 1949 vt
1595 1872 1734 1948 mutuis
1760 1862 1926 1972 confi-J

251 1995 311 2073 liis
333 1995 380 2072 de
390 1993 581 2068 Bonorum
600 1988 872 2066 Permutatione
892 1992 1117 2076 tractaretur,
1142 1991 1269 2079 citius,
1293 2012 1403 2088 quarn
1423 2012 1483 2066 res
1504 1990 1597 2065 tanti
1622 1990 1800 2068 momenti
1827 1991 1878 2067 ad

254 2115 366 2193 finem
386 2112 650 2194 deduceretur,
682 2109 782 2185 diem
803 2108 923 2186 obiisse
948 2120 1177 2219 extremum3
1196 2121 1364 2208 poterant
1391 2109 1429 2188 dr
1447 2109 1539 2184 usiae
1562 2108 1783 2186 intemenire
1804 2109 1880 2185 Cu·

254 2252 335 2323 rae,
359 2254 453 2332 quae
471 2229 679 2328 praestituto
702 2227 802 2327 operi
822 2227 972 2305 osredus
994 2229 1185 2305 intendere
1209 2228 1488 2326 prohibuerunt,
1513 2227 1552 2307 dr
1572 2234 1655 2311 saue
1674 2227 1889 2322 interuene·2

253 2364 357 2442 runt,
382 2373 479 2428 anuo
499 2349 598 2425 enim
624 2333 742 2426 MXX.
766 2370 873 2446 opem
899 2347 984 2424 tulit
1011 2348 1205 2424 Wrreuborio
1225 2349 1398 2446 Episcopo
1422 2346 1692 2444 Argentinenfi,
1727 2349 1766 2427 dr
1787 2370 1874 2426 cum
1908 2335 1909 2338 Ὺ

141 2535 147 2541 .
257 2473 314 2551 Εο
338 2462 552 2565 Birgiudr'om
569 2475 663 2552 uicit,
698 2479 739 2545 vt
754 2467 875 2544 verbis
900 2479 980 2546 vtar
1004 2466 1179 2542 chronici
1203 2460 1434 2563 Augustenns
1462 2470 1558 2566 apud
1578 2467 1775 2544 Freberum
1795 2467 1895 2543 Ren·

222 2603 225 2608 ’
257 2594 380 2674 Alem.
399 2587 575 2686 'Scripton
605 2584 708 2663 Tom.
731 2587 768 2663 L
786 2585 887 2663 Edit.
914 2585 1118 2663 struuianae
1151 2609 1187 2685 p.
1217 2609 1300 2684 494.
1332 2585 1622 2686 subsequentibus
1658 2587 1764 2662 annis
1794 2607 1883 2666 enm

258 2714 395 2791 Conrado
414 2712 514 2783 Sotiro
529 2703 753 2804 imperatore
773 2704 913 2782 collisus
935 2703 1002 2791 est,
1029 2716 1139 2804 atque
1160 2705 1297 2781 atrocia
1320 2703 1425 2781 Belia
1443 2706 1543 2802 gessrt
1567 2705 1729 2783 consorte
1752 2707 1884 2811 Ernesto

261 2829 421 2910 Suebiae
435 2826 557 2910 Duce,
581 2826 669 2904 teste
690 2824 889 2920 Anonymo
910 2824 1028 2901 nostro
1045 2837 1154 2924 atque
1175 2826 1357 2923 Wippone
1378 2823 1401 2900 1.
1418 2848 1450 2901 c.
1487 2826 1591 2902 ·Sed
1617 2829 1656 2903 dr
1681 2825 1883 2920 Augustam

259 2947 408 3035 innifit,
431 2943 609 3049 aerarium
633 2943 798 3042 diripuit,
823 2943 1106 3042 anonemque
1128 2944 1237 3042 huius
1263 2943 1356 3020 sedis
1371 2944 1586 3045 Episcopum
1609 2945 1780 3021 diuturno
1789 2944 1885 3022 Bei-

257 3072 296 3147 io
325 3064 513 3152 laceffiuit‚
539 3064 656 3163 (quae
677 3062 801 3139 omnia
826 3085 874 3137 ex
893 3061 1083 3139 Hermuno
1110 3063 1306 3163 contrado
1328 3065 1377 3142 ad
1396 3065 1550 3140 Annum
1569 3069 1671 3141 1026.
1695 3062 1885 3142 Annalistu

143 3222 150 3233 ·
260 3192 408 3270 Saxone
430 3187 477 3260 ad
500 3183 654 3259 Annum
677 3206 779 3281 ¹027·
805 3180 1006 3280 &reliquis
1033 3182 1155 3280 paffim
1181 3183 1406 3282 scriptoribus
1427 3182 1616 3260 certissrma
1636 3182 1739 3281 sunt)
1761 3185 1885 3267 donec

260 3310 411 3387 tandem
427 3304 538 3381 Anno
552 3319 668 3390 1028.
703 3298 760 3393 (vt
781 3299 892 3377 habet
917 3299 1124 3378 Chronicon
1153 3289 1317 3380 Austraie
1347 3303 1443 3399 apud
1466 3301 1637 3378 Eundem
1668 3284 1883 3397 Freherum)

259 3430 382 3532 Erurss
400 3427 482 3502 Dux
503 3423 546 3512 θ
566 3419 667 3522 Wepr
676 3425 779 3498 Comes
803 3423 939 3496 curado
960 3423 1140 3520 imperaror·
1158 3425 1199 3498 od
1216 3421 1410 3499 Deditionem
1423 3436 1582 3499 veneunt.
1616 3474 1618 3482 ·

183 3717 188 3741 r
327 3721 328 3724 r
363 3657 462 3742 Intei
479 3663 549 3741 hos
567 3683 654 3759 ergo
674 3659 825 3738 bellicos
853 3659 1033 3738 tumultus
1060 3658 1239 3760 reliquum
1270 3684 1344 3738 non
1366 3659 1511 3744 habuit,
1547 3668 1589 3736 vt
1608 3656 1905 3739 translationem

265 3784 530 3868 Monuehorum
553 3781 717 3862 essedum
737 3783 850 3857 daret
918 3780 995 3855 Sed
1023 3780 1183 3857 &breui
1213 3781 1289 3878 post
1303 3792 1469 3857 mortuus
1492 3777 1561 3867 est,
1597 3777 1702 3874 cujus
1735 3779 1887 3877 quidem
1945 3761 1948 3769 ¹

266 3907 388 3986 obitus
409 3925 547 3985 anuum
571 3900 725 3977 citatum
747 3898 943 3976 chronicon
966 3896 1187 3993 Augustense
1209 3902 1257 3975 ad
1281 3898 1431 3976 Annum
1451 3896 1605 3974 Mxrnt
1622 3896 1747 3974 ffrefert
1773 3897 1887 3974 Anno

231 4027 392 4105 ‘saltem
419 4030 522 4118 1036.
560 4025 604 4099 ab
631 4021 845 4116 Hermanno
875 4017 1070 4096 eontraeo
1104 4018 1152 4093 ad
1185 4017 1225 4097 h.
1256 4042 1289 4096 a.
1327 4019 1533 4116 irmengardis
1564 4017 1656 4116 Ejus
1687 4015 1822 4098 onr
1808 4038 1887 4115 Jam

263 4162 416 4233 errove
440 4140 654 4241 adpelsetur.

366 4383 429 4463 Ad
443 4380 635 4458 secundam
647 4377 910 4458 Difficultatem
925 4368 1125 4457 tollendam
1140 4375 1237 4463 fucit,
1251 4374 1275 4450 fi
1290 4376 1447 4454 dicatur:
1474 4373 1716 4474 Anonymum
1732 4371 1888 4475 amplius

271 4507 442 4585 letiorem
464 4503 594 4576 docere
609 4496 702 4573 nihil
723 4497 885 4588 voluisse,
913 4521 1022 4595 quarn
1044 4484 1279 4596 quod'Werfur
1302 4495 1547 4592 postmortem
1564 4494 1661 4571 suurn
1677 4497 1714 4571 in
1732 4494 1891 4574 Abbatiu

275 4621 475 4721 AErorffenfi,
501 4619 701 4707 irmintrudis
714 4639 800 4693 vero
819 4617 859 4691 in
879 4617 1122 4718 Altmumfler,
1147 4614 1442 4724 sepustus‘fuerit.
1495 4615 1624 4692 Vtrum
1639 4638 1724 4693 vero
1746 4615 1786 4692 id
1802 4639 1891 4692 con·
1908 4610 1930 4667 f

274 4745 452 4821 summato
475 4735 625 4833 jamjam
645 4734 893 4813 translationis
913 4736 1090 4833 Negotio,
1123 4747 1187 4812 aut
1205 4734 1332 4819 serius,
1372 4731 1505 4810 farrum
1523 4731 1648 4822 ibent,
1683 4757 1758 4810 uon
1781 4735 1893 4822 dicitr

1828 4865 1894 4931 aut
