4276 5670
873 384 1296 477 ew&
1799 402 1919 481 au·

271 565 445 663 „poterit
457 619 482 679 ’t
555 564 760 660 Rogamus,
813 571 853 641 vt
878 585 944 640 vos
972 586 1078 652 eum,
1119 562 1384 663 quemadmodum
1426 561 1470 642 u
1507 588 1569 641 nos
1609 566 1763 664 vestrum,
1798 560 1900 647 ‚vebis

255 687 526 810 'commendatum
550 682 708 759 lenientis.
765 681 853 759 Vale
872 683 1031 780 feliciter.

367 966 427 1046 Ad
454 965 559 1045 binas
584 963 689 1041 nasce
714 963 872 1040 Litteras
895 962 943 1041 lio
964 965 1147 1063 respondit
1174 965 1300 1042 Abbas
1322 965 1459 1042 noster:
1492 963 1709 1042 Reuerende
1733 964 1770 1041 in
1791 964 1899 1043 Chri·

260 1088 322 1167 ¹ilo
343 1090 469 1175 Pater,
516 1110 559 1161 ac
595 1084 771 1161 Domine!
843 1085 951 1169 Quod
982 1085 1198 1161 Reuerendo
1231 1086 1435 1160 Patemitas
1470 1087 1584 1162 vestra
1612 1088 1657 1162 ad
1682 1108 1743 1160 me
1767 1083 1900 1181 scriplit
1974 1176 1979 1184 ¹

268 1211 317 1287 de
339 1208 574 1284 concedendo
609 1205 669 1280 fici
696 1208 742 1281 ad
770 1207 865 1281 dnos
890 1203 947 1280 vel
979 1212 1054 1279 tres
1083 1203 1225 1279 Menses
1259 1203 1465 1292 Monacho·,
1507 1204 1632 1304 quiin
1660 1204 1768 1282 Cboro
1797 1209 1898 1304 oestro

271 1327 477 1428 inslmdoris
501 1338 606 1421 gerat
629 1325 811 1412 officium,
849 1309 928 1397 noc
953 1323 1068 1421 ipsum
1093 1325 1131 1400 dr
1159 1322 1405 1401 Illustrilfimus
1428 1324 1611 1401 Dominus
1635 1325 1802 1404 Nuntius
1825 1325 1897 1399 Co·

266 1469 349 1524 mea
372 1447 539 1530 Porciae,
560 1446 703 1520 absens
732 1443 881 1518 Litteris
904 1465 1067 1528 mecum,
1113 1441 1153 1518 dr
1175 1465 1297 1518 ooram
1326 1456 1497 1518 oretenus
1523 1446 1617 1540 egit:
1656 1444 1782 1519 Serius
1810 1467 1896 1522 vero
1982 1444 1986 1449 ’
2049 1463 2052 1468 ·

266 1560 313 1645 ab
343 1566 443 1648 varia
466 1565 731 1666 impedimenta
748 1560 920 1655 rescrib03
952 1582 1063 1659 quarn
1088 1583 1212 1638 meam
1234 1585 1398 1648 morum,
1423 1585 1493 1641 nee
1519 1585 1627 1661 aegre
1646 1562 1748 1654 ierat,
1770 1586 1846 1642 oro.

361 1834 459 1950 Doni
485 1871 546 1947 hie
566 1835 611 1947 'in
648 1867 865 1947 Monallerio
902 1863 941 1947 S.
970 1865 1067 1960 Galli
1091 1836 1228 1960 verior,
1267 1869 1480 1950 adferuntur
1507 1871 1600 1949 aliae
1626 1870 1894 1952 aPatemitate

264 1991 380 2070 vestra
404 1995 450 2067 ad
476 1991 738 2067 lllullriffimum
762 1989 962 2065 Dominum
992 1988 1198 2077 Nunciom,
1244 1989 1283 2068 δι
1310 1995 1358 2068 ad
1390 2016 1452 2070 me
1473 1992 1585 2070 etiam
1612 1957 1895 2092 separatae'ldt·

263 2122 382 2197 terae,
425 2111 624 2210 inquibus
653 2108 826 2186 maturari
856 2107 957 2204 eupit
980 2109 1153 2186 mittendi
1176 2109 1223 2184 ad
1246 2133 1313 2187 ros
1341 2111 1516 2189 Monachi
1536 2111 1646 2189 nostri
1669 2114 1892 2211 aduentum:
2047 2155 2051 2162 .

262 2254 336 2329 qua
362 2232 512 2328 quidem
539 2229 577 2306 in
606 2254 646 2305 re
672 2241 818 2326 paratus
841 2227 991 2324 quidem
1016 2228 1094 2306 sum
1117 2228 1331 2324 gratificari,
1376 2230 1415 2309 δι
1441 2233 1524 2307 sane
1547 2231 1697 2316 merito,
1738 2245 1815 2310 tum
1844 2234 1892 2310 ob

261 2373 385 2428 meam
407 2374 492 2446 erga
515 2349 781 2426 Illustrilfimum
805 2347 848 2422 D.
879 2345 1066 2422 Nunnium
1086 2348 1367 2437 obseruantiam,
1406 2364 1488 2428 tum
1515 2349 1562 2426 ob
1596 2349 1799 2446 Religionis
1825 2377 1892 2428 no·

259 2470 371 2558 strae,
409 2495 503 2569 quae
529 2469 619 2545 rnihi
643 2491 727 2544 curn
756 2465 981 2543 Patemitate
1002 2467 1117 2543 vestra
1139 2466 1357 2547 Communia
1378 2470 1446 2558 est,
1479 2467 1789 2573 conjunstionem:
1826 2472 1891 2549 ob·
1937 2532 1942 2547 ,

243 2591 330 2671 'dat
351 2604 494 2676 tamen,
545 2590 643 2685 quod
668 2588 733 2662 vix
766 2589 893 2674 sciam,
944 2585 1027 2687 quia
1053 2610 1219 2665 meorum
1241 2588 1409 2669 Fratrum
1437 2590 1548 2680 illud,
1592 2592 1690 2693 quod
1722 2589 1890 2689 praestari

260 2712 491 2796 desideratis,
524 2707 700 2807 praestare
725 2708 836 2806 possm
885 2707 984 2784 Nam
1005 2706 1166 2805 plerique
1201 2732 1367 2787 meorum
1396 2710 1553 2807 iuuenes
1583 2713 1664 2787 sunt
1690 2735 1738 2788 ex
1760 2711 1889 2791 scholis
2033 2755 2049 2773 ,

259 2834 418 2932 primum
447 2834 598 2904 domum
623 2827 772 2913 reuersi,
819 2849 941 2903 rerum
965 2825 1242 2904 monasticarum
1269 2829 1351 2926 plus
1386 2854 1459 2906 non
1494 2831 1620 2927 periti,
1662 2854 1773 2930 quam
1811 2830 1890 2923 alii,
2037 2858 2041 2863 ·

236 2952 326 3053 'qni
352 2949 517 3048 Dilingee
541 2946 686 3023 eductui
722 2947 818 3023 sunt:
856 2945 967 3025 Domi
989 2968 1075 3023 vero
1099 2946 1260 3032 nostrae,
1293 2960 1344 3041 ,vt
1376 2947 1495 3026 vbiuis
1518 2950 1594 3026 sere
1616 2950 1797 3036 locorum,
1833 2951 1890 3028 in·

237 3085 381 3163 ‚neme
410 3068 448 3144 in
482 3069 590 3146 Cloro
624 3066 869 3155 Cneeemonine,
916 3087 1068 3163 quarum
1100 3089 1171 3142 nee
1201 3059 1396 3147 Doiior'em
1425 3067 1538 3147 vllum
1570 3092 1730 3169 vnquam
1761 3069 1890 3150 habui·

258 3213 362 3277 mur,
408 3211 527 3286 neque
557 3186 670 3264 etiarn
693 3186 843 3272 scimus,
889 3198 931 3263 vt
953 3185 1022 3262 elie
1045 3185 1147 3271 illae,
1190 3189 1229 3265 dr
1256 3185 1420 3263 adhiberi
1452 3189 1628 3277 debeant,
1672 3186 1784 3265 secuti
1807 3189 1889 3286 jam

259 3309 449 3408 abaliquo
473 3319 651 3403 ternpore,
690 3303 841 3381 miricas
864 3317 1007 3382 tantum
1032 3307 1201 3406 generales
1225 3305 1399 3384 Breuiorii
1425 3306 1632 3411 Caffinenfir,
1681 3307 1728 3385 de
1754 3308 1889 3408 quibus

258 3443 381 3508 tamen
413 3427 556 3503 dubius·
577 3426 723 3502 subinde
749 3424 867 3500 sensus
899 3427 1070 3513 occurrit,
1111 3437 1151 3501 vt
1187 3426 1338 3522 proinde
1366 3425 1440 3502 fiue
1471 3426 1694 3523 caereomias
1718 3428 1889 3506 monasti-
2054 3423 2062 3445 '

257 3571 322 3628 eas
344 3549 562 3650 spedemus,
606 3544 679 3620 flue
703 3545 854 3643 quaeuis
883 3545 1055 3639 allatam
1079 3544 1131 3619 'in
1156 3544 1303 3630 Choro,
1342 3568 1453 3646 quam
1482 3547 1521 3624 in
1548 3548 1630 3625 aliis
1653 3560 1758 3625 extra
1786 3548 1888 3627 Cho·

257 3695 341 3751 rum
364 3692 433 3746 nos
452 3666 605 3743 delinire
631 3663 742 3751 nihil,
774 3677 839 3739 aut
859 3666 992 3741 docere
1019 3664 1199 3762 poffimua.
1250 3665 1400 3742 Constat
1424 3677 1481 3743 tot
1507 3666 1582 3742 fere
1607 3667 1887 3760 coeremonias,

255 3789 466 3876 Breuiaria,
496 3786 665 3871 Milialia,
704 3808 748 3861 ac
776 3784 866 3860 alias
887 3782 1179 3891 consuetudines
1206 3785 1294 3875 effe,
1331 3797 1422 3884 quot
1447 3787 1523 3863 iere
1545 3785 1627 3863 sunt
1647 3788 1887 3877 Monasteriae
1985 3783 1987 3787 ’

255 3934 350 4012 qliae
371 3908 558 4008 disparitas
579 3905 712 3982 merito
736 3904 893 3981 dolenda
914 3902 984 3990 est,
1016 3902 1055 3981 dr
1077 3905 1297 4000 optandum,
1323 3917 1364 3983 vt
1389 3907 1539 3984 tandem
1569 3905 1776 3986 eousuiione
1806 3910 1886 3985 sub-

246 4031 356 4118 'lata‚‘
391 4028 481 4104 certi
506 4025 642 4125 aliquid
670 4024 860 4108 statuatur,
903 4024 1001 4122 quod
1026 4036 1068 4101 vt
1096 4022 1175 4098 fieri
1204 4021 1260 4099 vel
1282 4023 1402 4121 poffit,
1437 4024 1493 4102 vel
1525 4025 1675 4125 debeat,
1712 4029 1797 4103 alios
1824 4053 1885 4106 nu·
1949 4122 1953 4137 Ι

255 4152 328 4229 die‘e
359 4149 464 4235 malo,
511 4170 620 4244 quam
656 4144 844 4243 quidpiam
880 4142 1120 4242 praescribere,
1164 4155 1312 4238 paratus
1338 4155 1462 4219 umen
1488 4142 1628 4242 semper
1647 4168 1727 4234 ero,
1765 4146 1804 4223 in
1834 4147 1884 4226 iis
1954 4160 1959 4168 '

254 4267 425 4349 omnibus
451 4288 513 4343 me
543 4264 783 4348 conformare,
824 4286 918 4361 quae
948 4276 1013 4339 aut
1039 4261 1239 4338 laudabiles
1274 4261 1490 4339 traditiones
1518 4264 1671 4354 docent,
1697 4261 1761 4342 aut
1782 4268 1884 4367 quod

253 4388 398 4484 regulae
422 4385 562 4464 nostrae
591 4387 627 4464 dr
655 4381 843 4460 Monaltici
864 4381 1020 4460 Instituti
1042 4381 1149 4479 periti
1181 4384 1219 4461 dr
1240 4377 1346 4458 zelosr
1371 4384 1573 4468 tenendum
1607 4382 1695 4472 effe,
1731 4398 1797 4463 aut
1826 4411 1883 4475 re·

253 4510 486 4591 formandum
519 4520 584 4583 aut
615 4508 662 4582 de
690 4526 789 4580 nouo
817 4502 1124 4581 introducendum
1150 4501 1358 4586 statuerintr
1405 4525 1517 4603 quam
1545 4501 1801 4592 Voluntatem,
1842 4508 1883 4587 de

253 4629 516 4708 Patemitatem
541 4626 694 4703 vestram
716 4622 870 4713 habere,
899 4621 985 4701 satis
1020 4620 1176 4711 condat,
1221 4645 1316 4720 quae
1338 4633 1443 4698 tento
1468 4645 1553 4699 cum
1578 4623 1658 4698 zelo
1679 4626 1718 4702 in
1747 4628 1879 4706 Mona·

252 4749 347 4838 sterii
372 4748 424 4827 sui
451 4744 761 4833 reformationem·
778 4742 975 4834 incumbit,
1016 4741 1122 4841 cubas
1143 4754 1222 4822 tam
1246 4740 1334 4826 boni
1360 4740 1489 4836 studii,
1536 4741 1576 4820 de
1596 4755 1676 4826 taur
1704 4745 1790 4824 boni
1815 4769 1880 4825 co·
1937 4750 1941 4755 ’

1091 4861 1160 4948 Rr
1652 4868 1694 4966 ,'
1764 4874 1876 4950 naua

506 5043 534 5097 ὁ
