4276 5670
437 382 509 458 asa
919 359 954 383 ⁶
1038 370 1458 462 emmor

331 617 336 626 ,
437 541 585 620 versiam
616 542 684 616 elie
706 552 887 620 vocatum.
959 545 1002 620 Si
1029 547 1128 622 reite
1160 546 1341 645 assequor,
1381 548 1428 622 de
1458 547 1677 625 Monalierio
1703 549 1923 630 murbacensi
1949 552 1997 628 de
2013 553 2086 646 se

368 692 370 696 ⁴
437 685 509 738 non
539 660 589 736 est
609 661 786 760 quaestio,
818 675 882 738 aut
908 663 1120 753 difficultas,
1153 666 1213 741 sed
1238 679 1386 741 tantum
1416 669 1463 741 de
1487 667 1619 742 Vnione
1641 666 1822 771 Lurirenfi‚
1864 695 1959 768 quae
1987 671 2067 750 val·

435 784 482 857 de
506 779 746 878 impugnatur.
796 782 941 868 Timeo,
968 808 1015 859 ne
1061 826 1109 841 -—
1157 824 1205 842 -·
1251 784 1352 859 Deus
1375 786 1578 870 conseruet,
1615 785 1654 864 δι
1681 798 1812 882 augeat
1826 786 2063 883 Monasteria,

434 900 641 999 semperque
668 902 857 978 nobiscum
881 916 1043 982 maneat.
1092 905 1211 978 Datae
1235 905 1283 978 ad
1305 903 1342 978 S
1363 904 1511 980 Gallum
1533 928 1568 1002 4
1592 905 1740 1000 August.
1766 905 1877 983 Anno
1902 916 2012 989 1602.

312 1215 317 1226 ,
529 1137 578 1215 Et
604 1138 687 1214 sane
709 1140 808 1237 quod
840 1139 994 1216 iocunde
1029 1138 1138 1235 huius
1166 1140 1276 1216 seculi
1314 1164 1409 1218 anno
1435 1140 1630 1220 Bernordau
1656 1081 1817 1222 futurum
1848 1146 2061 1250 praesagiit,

433 1258 618 1336 Ladonicus
639 1259 772 1336 [stiriae
801 1258 986 1359 Episcopus
1019 1257 1154 1335 Abbati
1178 1263 1296 1336 nostro
1322 1261 1457 1338 fastum
1483 1261 1631 1356 septimo
1658 1262 1800 1338 decimo
1825 1263 2061 1360 significauit.

297 1410 303 1421 ·
432 1380 492 1456 tris
520 1382 676 1454 adeum
701 1380 796 1454 datis
820 1378 968 1454 'lucerna
994 1378 1161 1454 Litterist
1200 1379 1413 1454 Perilluiiris
1449 1379 1487 1455 sla
1513 1381 1725 1457 Admodum
1751 1383 1968 1462 Reuerendo
1991 1389 2063 1464 Pa·

432 1501 507 1575 ter!
559 1497 713 1575 Nouerit
739 1497 862 1593 procul
888 1488 1002 1573 dubio
1020 1498 1236 1574 Dominatio
1260 1512 1324 1574 tua
1351 1498 1388 1572 in
1414 1497 1631 1574 Monasierio
1656 1498 1887 1602 Morborenfi,
1914 1504 2062 1583 nobilis·

433 1618 519 1695 fimo
538 1617 629 1721 sedis
656 1617 808 1717 Apostol
795 1641 864 1691 icae
887 1643 927 1691 nc
950 1617 1087 1716 Imperii
1110 1617 1263 1694 silentiare
1289 1620 1334 1692 o‘b
1366 1617 1586 1693 inueteratas
1612 1617 1708 1697 iliius
1731 1620 1887 1698 Abbatis
1913 1645 1956 1697 ac
1978 1624 2060 1721 Mo·

267 1756 273 1765 ⁴
431 1739 631 1815 nachorum
658 1735 863 1811 Discordias
893 1735 1124 1832 Disciplinam
1152 1727 1388 1814 Moriasticam
1415 1736 1572 1812 omnino
1575 1736 1671 1812 esse
1705 1737 1920 1834 collapsuros
1962 1766 2059 1842 quae

430 1857 580 1958 quidem
608 1853 814 1930 Discordiae
836 1853 1050 1940 effecerunt,
1091 1868 1131 1932 vt
1148 1868 1228 1933 tam
1260 1847 1402 1940 Abbas,
1435 1879 1545 1954 quam
1576 1855 1749 1931 Monachi
1772 1856 1946 1954 ejusdem
1980 1863 2059 1939 Ab·

431 1977 550 2054 batiae
570 1972 817 2082 Marbaqenfiu
854 1996 897 2048 ac
923 1971 1076 2076 Latreus
1063 2002 1092 2049 s
1117 1975 1178 2074 ipfi
1167 1976 1426 2052 rSereniliimo
1451 1972 1639 2056 Archiduci
1660 1977 1917 2055 Laerosoo
1940 2005 2055 2080 perpe-

423 2096 520 2174 'nun
553 2094 876 2196 Administrationis
917 2091 1109 2182 obtulerint,
1161 2117 1272 2193 quam
1294 2092 1488 2170 Ceiirtudo
1518 2092 1578 2168 sua
1614 2095 1827 2172 serenissima
1855 2088 2055 2177 assedente

430 2212 641 2292 Santlisirmi
666 2211 814 2290 Domini
844 2210 951 2288 nostri
976 2210 1158 2289 Cantent:
1183 2213 1369 2338 susnepit,
1394 2212 1611 2310 promittens
1642 2215 1818 2292 sanititati
1848 2217 1949 2302 suae.
1982 2205 2055 2296 rto*-

429 2335 555 2435 bisque
583 2333 642 2408 his
668 2331 902 2407 inpartibus
929 2331 1008 2426 ejus
1038 2332 1135 2408 vices
1160 2332 1388 2428 gerentibus,
1426 2335 1462 2409 tc
1484 2329 1609 2428 palam
1637 2333 1828 2428 profitens,
1873 2335 1908 2410 se
1922 2323 2052 2415 'nom

289 2492 297 2516 ·
430 2455 520 2540 tiae,
554 2475 596 2527 ac
619 2451 829 2527 ilionaiierii
848 2463 930 2526 tam
954 2451 1166 2548 spiritualia,
1204 2474 1314 2548 quam
1340 2450 1553 2547 temporalia
1578 2450 1616 2525 in
1649 2451 1752 2547 pejus
1775 2451 1815 2528 in
1842 2452 1952 2530 noras
1986 2455 2050 2532 sm-

428 2572 531 2669 gulas
564 2571 708 2647 ruentia
735 2592 805 2666 pro
835 2570 969 2646 viribus
1001 2570 1074 2645 elle
1098 2583 1363 2666 reparaturam,
1413 2573 1450 2647 tr
1481 2568 1772 2648 restauraturam.
1845 2573 1908 2649 Ad
1935 2575 2051 2672 quod,

428 2690 597 2792 quaeest
624 2688 704 2785 ejus
731 2689 868 2765 summa
897 2689 1039 2776 Pietas,
1079 2687 1269 2788 zelusque,
1306 2689 1470 2766 aninum
1497 2688 1621 2766 sensim
1649 2690 1793 2787 adjecit.
1857 2692 1957 2769 Nam
1982 2695 2051 2769 hac

271 2821 272 2826 ‘
428 2814 475 2889 de
513 2812 617 2888 causa
651 2807 882 2905 personaliter
911 2807 1143 2887 Schwriorium
1174 2808 1208 2884 se
1235 2790 1440 2896 transtulit,
1488 2832 1540 2883 eo
1571 2807 1713 2894 animo
1749 2821 1789 2888 ot
1809 2803 1947 2888 ditium
1973 2812 2049 2889 Μο-
2109 2882 2122 2920 .4

343 3019 347 3026 p
428 2929 618 3007 nasterium
644 2925 862 3027 Marbacmse
878 2927 1028 3026 pristino
1056 2927 1161 3005 statui
1194 2951 1236 3002 ac
1261 2926 1440 3024 splendori
1466 2927 1641 3003 restituat.
1704 2929 1812 3014 Quod
1839 2940 1878 3007 vt
1908 2900 2048 3009 facilius

426 3049 706 3152 praestares
623 3047 707 3146 poss
709 3059 744 3136 t,
786 3047 905 3138 nostro
933 3060 1072 3147 arrepto
1092 3047 1246 3123 amilio
1267 3058 1408 3124 veteres
1431 3040 1641 3136 succidere,
1673 3047 1711 3125 sla
1733 3072 1849 3124 nouas
1871 3047 1925 3126 ibi
1949 3042 2048 3149 plan·

426 3167 503 3248 tare
527 3169 689 3253 arbores,
735 3187 828 3265 quae
861 3166 925 3240 suo
953 3178 1119 3262 tempore
1148 3167 1283 3243 fruitus
1322 3166 1452 3261 dignos
1491 3163 1615 3242 afferre
1645 3167 1790 3265 possint,
1834 3168 2047 3246 constituisse

426 3291 579 3371 videtur.
643 3288 736 3359 Eam
760 3284 806 3360 ob
835 3307 912 3359 rem
945 3284 1151 3383 nuperrime
1180 3285 1251 3360 suis
1286 3286 1333 3360 ad
1351 3308 1425 3361 nos
1455 3285 1552 3359 datis
1580 3274 1727 3361 Litteris
1754 3284 1854 3363 idem
1882 3286 2047 3367 sereaifii·

425 3434 509 3488 mus
537 3404 688 3484 anobis
719 3402 967 3480 ‚iniiantiiimre
1000 3405 1122 3501 petiit,
1164 3417 1203 3480 vt
1230 3404 1316 3479 hinc
1345 3403 1384 3478 in
1425 3404 1650 3479 Mortalieriis
1683 3402 1924 3505 Halaesina&
1962 3405 2042 3484 Soe-

424 3534 514 3617 viae,
562 3524 706 3601 nostrae
746 3521 915 3616 legationi
952 3522 1113 3618 subjettis
1147 3521 1269 3598 saltem
1304 3525 1396 3599 duos
1428 3523 1632 3598 Monachos
1666 3522 1857 3616 iuuenes,
1885 3524 2044 3608 nobiles,
2100 3525 2104 3533 ’

423 3654 539 3730 bonae
565 3642 720 3724 indolis,
741 3640 866 3716 ‘bonis
894 3640 1075 3729 Moribus,
1114 3641 1336 3737 Litterisque
1356 3642 1560 3738 praeditos,
1588 3665 1631 3716 ac
1655 3643 1832 3738 Regulam
1859 3626 1908 3718 S}
1926 3644 2044 3721 Bene·

423 3767 509 3847 disti
528 3764 636 3855 sV-iros
661 3760 848 3860 professos,
880 3760 943 3858 qui
959 3759 1049 3835 illuc
1065 3761 1166 3836 mitti
1188 3759 1341 3859 possent,
1379 3784 1549 3858 quaerere
1564 3785 1640 3836 noa
1661 3784 1904 3856 grauaremur.
1972 3764 2043 3840 Cui

290 3964 296 3976 ,
422 3883 589 3988 petitioni
614 3907 667 3956 eo
691 3878 868 3956 libentius
903 3880 1117 3966 annuimus,
1157 3904 1229 3978 quo
1262 3880 1300 3956 ἃ
1327 3904 1396 3955 nos
1426 3905 1473 3955 err
1507 3880 1615 3956 officii
1639 3880 1751 3956 nostri
1777 3880 1887 3965 nostri
1922 3883 2043 3961 debite

421 4008 507 4087 diiii
541 3999 750 4082 'Monasterii
775 3997 1108 4085 Resonnationem
1158 4001 1200 4076 ἃ
1230 4021 1312 4076 rem
1346 4000 1416 4077 SS
1453 4000 1613 4075 Domino
1654 3997 1773 4075 nostro
1809 4000 2043 4095 gratissimam

420 4147 634 4228 promouere
654 4135 831 4197 tenemur.
881 4119 1076 4196 Monemus
1101 4133 1288 4217 propterea
1315 4117 1612 4194 Dominationem
1629 4131 1752 4205 tuam
1790 4144 2041 4217 arrogamus,

421 4247 552 4326 vtsr
541 4267 578 4321 m
599 4242 669 4317 isto
699 4253 763 4315 tuo
790 4238 1009 4316 Mouasierio
1031 4240 1109 4315 duo
1132 4237 1311 4317 Monachi
1344 4237 1491 4314 seres.
1514 4237 1634 4312 Patris
1660 4228 1848 4317 Beneditii
1881 4239 2043 4317 Imitato-

419 4393 506 4456 res,-
522 4364 593 4463 nui
621 4385 669 4436 ex
684 4359 794 4438 nobili
781 4363 923 4459 tssr'spe
939 4369 1066 4433 ortum
1092 4360 1247 4442 ducant.
1288 4355 1469 4445 existant,
1508 4357 1554 4448 ad
1583 4356 1670 4432 diiii
1708 4355 1948 4446 Serenisfimi,
1986 4356 2043 4437 tel

420 4491 466 4565 ad
492 4485 657 4561 nostrum
687 4489 817 4555 nutum
852 4476 1082 4558 Marcactnm
1119 4476 1349 4553 destinandos
1381 4474 1545 4554 auinttos
1572 4475 1722 4561 lrabeat,
1770 4500 1849 4551 nos
1875 4477 2042 4562 interim.
2062 4502 2066 4521 ³

414 4628 529 4708 quam
557 4602 716 4702 primum
743 4596 914 4691 pertimeo
943 4597 1153 4687 reddendo,
1204 4593 1371 4672 finostri
1397 4594 1473 4672 voti
1499 4605 1708 4693 oompotes,
1754 4595 1814 4676 vel
1847 4555 1951 4681 secus
1975 4594 2043 4671 esse

411 4713 597 4827 possimus.

1990 4830 2042 4910 Et
