4276 5670
846 368 1265 501 scemeca·
1587 471 1591 475 .
1789 414 1861 500 ιιι
1966 360 1971 367 ’

243 600 285 670 vt
304 589 402 665 sarna
424 587 577 671 serebat,
603 583 859 662 Monalierium
881 584 1060 681 spoliaturi
1087 583 1125 662 δι
1152 580 1356 663 succensuri.
1417 581 1493 681 ¹Sed
1521 583 1565 658 ab
1589 577 1863 658 Altorffendbus

245 709 388 786 ciuibus
419 708 527 782 tertio
567 703 718 800 repuld,
763 702 801 780 ιιι
838 701 980 778 insolito
1015 715 1198 800 praeterea
1231 699 1376 798 perculsu
1418 712 1554 776 terrore
1585 699 1709 794 fingam
1745 699 1865 775 versus

245 825 413 925 Salustium
438 824 605 897 Flauium
630 814 818 918 arripuere.
876 821 964 898 Falli
989 821 1070 898 sunt
1099 834 1187 897 tunc
1223 820 1362 917 ipsimet
1389 817 1598 914 Evangelici
1635 819 1865 923 Rauensbur·

244 945 388 1040 genses,
435 945 558 1015 suecos
599 954 702 1015 tanto
743 939 983 1015 constematos
1009 962 1144 1037 pauore
1187 937 1458 1038 Roucnsburgum
1497 938 1657 1023 reuersus
1693 937 1780 1026 else,
1826 949 1867 1016 vt

245 1062 335 1138 dum
363 1064 410 1136 ad
440 1060 577 1135 abitum
601 1082 724 1155 parare
750 1059 784 1133 se
814 1059 1005 1156 deberent,
1030 1061 1117 1156 quid
1148 1070 1295 1154 agerent
1329 1056 1475 1155 penitus
1507 1056 1733 1152 ignorarent,
1764 1079 1867 1153 roga·

244 1179 389 1279 rintque
413 1179 545 1264 Ciues,
571 1192 611 1257 vt
632 1177 864 1274 adiuuarent,
893 1178 932 1256 dc
964 1178 1061 1255 viam
1074 1162 1153 1276 iqua
1179 1177 1290 1253 securi
1315 1177 1412 1251 abire
1435 1175 1573 1274 pnlsent
1594 1174 1842 1254 monstrarent.
1895 1202 1906 1219 ·

343 1421 376 1493 6.
401 1412 485 1514 Julii
511 1412 591 1487 dies
616 1402 842 1494 calamitosus
866 1413 973 1514 nobis
996 1414 1150 1491 nimium
1176 1413 1256 1490 fuit.
1320 1412 1432 1487 illane
1459 1411 1554 1486 circa
1587 1411 1715 1490 boram
1744 1411 1866 1489 secun·

246 1535 333 1613 darn
360 1534 552 1609 Conbater
575 1531 693 1607 noster
716 1529 883 1631 Repertus
906 1532 1021 1608 Κιιιιιι
1048 1534 1088 1608 de
1112 1531 1223 1608 Belr
1177 1536 1226 1634 ast
1249 1531 1445 1609 acutissima
1471 1530 1562 1606 febri
1583 1531 1805 1610 decumbens
1827 1532 1868 1608 in

246 1656 383 1732 rabiem
413 1653 532 1730 versus
556 1651 690 1726 eletio
721 1644 790 1724 sese
817 1651 991 1748 proripuit
1038 1693 1089 1710 -
1134 1694 1184 1708 -
1231 1651 1447 1728 horribiliter
1470 1650 1603 1726 deinde
1630 1651 1823 1728 clamare
1811 1675 1868 1729 ιιι·

248 1774 386 1871 coepit,
413 1785 452 1848 vt
475 1772 700 1864 sugeremus,
723 1768 868 1845 suecum
887 1770 984 1845 breui
1006 1771 1234 1855 adiuturum,
1261 1770 1432 1866 effugium
1453 1792 1525 1867 quo
1556 1769 1649 1845 elabi
1672 1792 1868 1869 queamus,

248 1914 322 1967 non
351 1890 448 1977 dari,
481 1886 545 1962 nisr
578 1889 699 1965 versus
726 1887 843 1962 Baiani
872 1889 1158 1984 (Monasterium
1188 1888 1509 1967 sanctimonialium
1533 1887 1677 1965 Cisterc.
1697 1889 1870 1986 Ordinis)
1973 1890 1979 1901 '

248 2010 322 2111 ipse
348 2033 433 2086 vero
456 2019 557 2082 totus
580 2005 727 2081 rabidus
750 2006 788 2084 ιιι
814 2009 1051 2106 compedibus
1072 2009 1280 2149 conliditur
1305 2019 1386 2087 tota
1408 2009 1468 2086 die
1493 1995 1715 2126 horrendum
1735 2009 1869 2090 vocife-

247 2132 417 2256 rebatur:
444 2126 575 2239 oue!
600 2122 730 2204 owe!

205 2468 212 2479 ·
344 2367 452 2443 Circa
475 2365 634 2444 mediam
659 2363 847 2464 septimam
874 2364 1199 2447 antemeridianam
1224 2367 1325 2466 plura
1348 2366 1517 2445 incendia
1548 2368 1667 2447 versus
1691 2356 1879 2467 'oppidum‘

248 2486 474 2587 Sulgcna
401 2486 474 2561 visa
502 2486 592 2560 sunt.
642 2487 888 2563 Accurremnt
907 2486 1015 2586 paulo
1040 2486 1116 2582 post
1137 2489 1283 2576 nuncii;
1312 2489 1375 2588 qui
1398 2489 1576 2590 oppidum.
1597 2500 1744 2587 captum
1775 2486 1881 2562 indi:

250 2618 379 2683 carunt
403 2628 475 2703 qua
502 2617 646 2707 propter
679 2604 799 2702 plures
823 2629 846 2679 e
867 2605 995 2681 nostris
1029 2604 1095 2683 Vel
1094 2606 1272 2683 dlirclrium
1303 2610 1419 2687 anetli
1450 2610 1540 2684 sunt
1591 2606 1743 2707 Vespere
1776 2605 1872 2682 circa

247 2725 408 2803 mediam
435 2724 600 2823 quintam
624 2722 722 2800 triste
743 2723 849 2803 nobis
872 2725 1049 2801 nuncium
1074 2725 1161 2802 tulit
1183 2724 1385 2832 joachimus
1408 2724 1542 2832 Pfijlrr,
1579 2726 1718 2803 nostros
1743 2729 1780 2804 ιι
1805 2723 1870 2802 al·
1879 2720 1882 2739 ²
1966 2821 1971 2831 ι

248 2844 432 2920 turisenses
459 2843 571 2920 Ciues
597 2846 633 2919 dr
666 2841 834 2931 rusticos,
871 2845 934 2942 qui
965 2845 1004 2919 in
1039 2844 1147 2943 Sylua
1184 2846 1427 2947 llsringurlrrrfi
1413 2871 1523 2924 ruer
1524 2846 1579 2923 sus
1620 2844 1870 2944 Wnldsemlr

248 2966 344 3061 apud
370 2963 489 3040 Scires
490 2963 596 3061 enser,
620 2962 890 3046 munimentum
909 2961 932 3035 s
936 2963 968 3039 br
994 2965 1177 3063 quoddam
1202 2966 1412 3063 posuemnt,
1439 2965 1581 3063 viisque
1606 2964 1686 3041 abse
1709 2964 1781 3040 illis
1808 2965 1870 3041 ab·

245 3084 379 3179 jetibus
406 3090 441 3162 da
467 3081 668 3165 arboribus,
693 3105 740 3156 ne
763 3105 835 3180 qua
857 3079 1017 3157 hostibus
1038 3095 1178 3180 pateret
1202 3085 1375 3173 accessus,
1399 3084 1601 3171 obstrustis,
1629 3084 1768 3180 vigilias
1787 3106 1870 3179 age·

248 3206 357 3289 bant,
383 3204 426 3278 ab
450 3199 587 3304 Ernesto
613 3200 651 3276 &
673 3200 850 3277 Bernurdo
882 3199 922 3275 de
959 3200 1107 3280 Wrimur
1130 3201 1168 3278 in
1201 3205 1326 3300 fugam
1358 3206 1473 3289 astos,
1510 3204 1621 3280 callra
1653 3227 1779 3281 eorum
1811 3226 1870 3279 oc·

247 3333 382 3419 cupata
416 3326 452 3399 dr
479 3332 700 3417 expugnata,
746 3319 903 3419 ideoque
937 3320 1161 3399 &nostram
1195 3322 1344 3399 salutem
1375 3346 1449 3399 non
1482 3321 1547 3400 nisi
1579 3323 1618 3399 in
1650 3324 1737 3422 fuga
1766 3304 1871 3405 satam
1956 3367 1960 3374 ·

248 3442 337 3528 else,
361 3463 515 3537 eamque
548 3439 836 3525 accelerandam,
871 3438 935 3514 ιιιιι
959 3441 1004 3515 ab
1037 3441 1245 3519 imminenti
1277 3441 1376 3519 hoste
1408 3440 1665 3542 comprehendi
1702 3445 1870 3526 velimus.

249 3565 368 3646 Quare
384 3561 531 3657 ipsemet
547 3581 611 3654 per
624 3571 741 3634 totum
759 3560 1014 3635 Monalierium
1030 3561 1232 3655 praesertim
1249 3562 1481 3638 Conuentum
1501 3561 1681 3650 discurrit,
1705 3565 1743 3643 ὅ(
1760 3591 1871 3667 quos·

248 3690 391 3777 cunque
411 3679 537 3757 obuios
556 3677 705 3765 habuit,
731 3680 767 3755 vi
789 3677 928 3776 expulit
942 3678 1019 3776 post
1045 3680 1230 3776 septimam
1250 3693 1351 3756 totus
1370 3680 1408 3757 ιιι
1430 3682 1525 3778 agris
1547 3684 1710 3782 apparuit
1723 3688 1869 3786 [urricus

249 3804 430 3885 exercitur,
463 3797 522 3892 qui
547 3798 648 3871 ciues
674 3801 711 3874 dt
734 3796 901 3882 rusticos,
934 3801 1112 3896 quotquot
1135 3798 1393 3895 deprehendit,
1423 3803 1558 3900 absque
1583 3803 1684 3879 omni
1711 3805 1869 3880 Comise·

247 3908 388 4016 rabone
414 3916 570 4009 fugauit,
595 3914 793 3990 interemit.
841 3917 902 3992 Ab
925 3916 1154 3993 immanitate
1179 3918 1289 3992 illhac
1319 3942 1389 3993 nec
1418 3919 1675 3998 Monallerium
1711 3924 1870 4033 nqllrum
1965 3935 1979 3950 ‘

248 4041 414 4114 immune
438 4037 508 4111 luit
529 4057 596 4109 nec
620 4034 760 4108 incolae
784 4056 826 4107 ac
850 4033 938 4109 semi
963 4034 1067 4126 eiust
1103 4038 1177 4111 duo
1209 4037 1309 4115 enim
1339 4061 1464 4114 eorum
1497 4062 1645 4137 corpore
1674 4065 1748 4116 non
1779 4042 1882 4123 bene¹

249 4158 404 4242 sani,l
369 4156 429 4255 qui
456 4159 492 4231 dr
518 4156 600 4228 ideo
624 4153 754 4226 abduci
779 4177 851 4237 non
879 4138 1068 4249 poterant,
1106 4156 1299 4232 crudeliter
1323 4156 1530 4254 interempti
1556 4158 1653 4246 sunt,
1686 4163 1870 4241 Reueren-

249 4277 324 4352 dus
346 4279 381 4348 F
404 4274 531 4372 Rupl
473 4300 517 4348 ιιι·
517 4287 570 4348 lus
596 4271 710 4347 lilaea
737 4276 773 4348 dt
798 4271 955 4377 jeannes
979 4273 1095 4349 lllaier
1116 4272 1235 4409 scriba.

342 4511 385 4584 R.
413 4511 453 4586 F.
478 4508 606 4608 Rapert
606 4538 657 4584 um
686 4510 797 4598 Ιιιιιιι,
822 4509 926 4604 cuius
951 4512 1052 4608 supra
1079 4455 1218 4589 mentio
1244 4513 1334 4592 satia
1356 4512 1424 4604 est,
1452 4512 1655 4593 obmalam
1679 4518 1869 4616 dispostio-

249 4651 334 4706 nem
362 4632 458 4705 suam
484 4630 672 4747 uobiscum
692 4631 875 4706 abducere
908 4654 982 4706 non
1018 4642 1246 4729 poteramus,
1282 4633 1340 4708 sed
1366 4635 1591 4712 constrillum
1616 4637 1775 4715 vinculis
1800 4642 1883 4747 solo„

250 4748 569 4833 testum-indum,
610 4747 710 4824 homi
739 4748 838 4847 supra
861 4751 1002 4827 saccum
1026 4751 1188 4831 arefa'tlis
1212 4751 1389 4873 repletum
1414 4753 1510 4829 soliis
1532 4754 1734 4857 relinquere
1758 4764 1878 4838 coniti
1910 4780 1922 4791 ·'

338 4854 372 4913 '
1733 4881 1865 4960 sumus
