4276 5670
888 369 1309 497 ememor
1374 487 1376 491 Ι
1841 383 1913 469 io

380 543 526 622 Literiis
549 543 774 643 apostolicas
805 542 1019 623 Sanslisfimi
1048 545 1086 621 iii
1112 545 1253 623 Christo
1279 544 1397 622 Patris
1422 545 1459 624 δι
1483 526 1794 637 Dominsiiostii,
1835 549 1926 626 Do·.
2087 509 2093 593 s

288 663 376 741 inini
414 664 572 760 Bousiris
597 664 707 760 digna
730 664 799 745 Dei
822 664 1065 743 Prouidentia·
1083 667 1201 764 Papae
1224 666 1344 754 Noni,
1383 666 1464 762 ejus
1491 689 1577 743 vera
1610 667 1717 743 Bulla
1743 668 1911 766 plumbea

275 782 321 859 ‚in
345 782 419 860 silis
443 784 591 883 canapis
616 787 945 883 pendentefn‘iore
969 786 1157 861 Romanae
1177 785 1312 864 Curiae
1330 781 1512 871 Bullatas,
1538 808 1612 861 non
1636 786 1808 874 abolitas,
1833 813 1910 865 non

284 903 444 992 abrasas,
479 927 599 1000 neque
630 903 867 993 cancellatas,
905 906 964 982 sed
994 905 1116 993 sanas,
1153 904 1401 999 reintegres,
1445 905 1618 1004 omnique
1652 908 1792 1004 prorsus
1818 907 1910 986 vitio

282 1035 467 1112 carentes,
499 1046 564 1121 per
592 1023 777 1122 Generiffuiii
798 1027 842 1112 δ’
868 1025 1026 1111 Nobilem,
1067 1025 1238 1100 Dominam
1260 1022 1424 1101 Ariorum
1455 1026 1600 1098 Comitem
1624 1029 1660 1099 dr
1686 1027 1909 1124 Werderilerg,
1951 1069 1952 1072 κ
2052 1085 2056 1091 ·

280 1148 453 1221 monim
482 1147 586 1245 susim
608 1146 652 1232 ὃ
673 1144 818 1220 Dominis
840 1147 921 1241 rard
947 1147 1092 1221 sincium
1118 1143 1260 1220 Memor
1285 1143 1401 1221 dislae
1425 1142 1706 1220 constantiense
1726 1145 1908 1225 Dioecesis
1967 1226 1970 1233 ,

279 1263 386 1340 nobis
405 1261 596 1340 lininiliter
617 1262 789 1338 deuotius
816 1263 1076 1361 praesentatas,
1101 1286 1171 1336 nos
1198 1285 1283 1340 cuni
1308 1262 1409 1338 omni
1430 1265 1651 1351 reuerentia,
1676 1287 1749 1364 qua
1770 1265 1909 1354 decuit,

279 1383 457 1460 noueritis
481 1380 667 1480 recepisse,
691 1394 857 1462 tenorem
884 1382 947 1484 qui
974 1380 1212 1482 subsequitur,
1239 1384 1287 1460 de
1318 1383 1437 1464 Verbo
1458 1383 1505 1460 ad
1530 1383 1690 1537 Verbum
1714 1382 1904 1463 minoen

278 1509 352 1580 ter·
390 1502 454 1603 qui
481 1503 566 1580 talis
589 1501 661 1579 ess

369 1740 584 1818 Bonisacius
610 1674 818 1839 Episcopus
832 1738 970 1817 Seruus
994 1741 1201 1818 Seruoruni
1217 1736 1306 1824 Dei,
1333 1736 1473 1818 Dileslo
1500 1737 1595 1820 iiiio
1614 1737 1748 1818 Abbati
1771 1742 1903 1818 Mona·

279 1859 717 2060 suipphu'ffiioiinellll'eeipcgaiten
753 1850 1033 1939 constantiensis
1064 1856 1249 1938 Dioecesis
1283 1857 1455 1948 salutem,
1501 1862 1540 1942 dr
1568 1859 1813 1972 apostolicam
1826 1861 1903 1943 Be·
2049 1890 2053 1897 ·

368 2219 509 2305 Quibus
528 2214 744 2317 Apostolicis
764 2212 904 2293 Literis
926 2215 1032 2293 nobis
1055 2223 1097 2295 vt
1118 2213 1165 2293 sic
1198 2216 1433 2314 praesentatis
1467 2236 1533 2318 per
1555 2239 1697 2319 nosque
1723 2215 1901 2314 receptis,

284 2337 452 2416 Dominus
479 2336 652 2416 Albertus
687 2337 823 2412 Comes
855 2336 1154 2433 praenominatus
1184 2360 1254 2412 nos
1291 2362 1377 2416 cum
1421 2360 1575 2435 magnae
1605 2337 1814 2415 deuotionis
1840 2336 1896 2412 in·
2021 2380 2028 2385 -

285 2457 397 2537 santia
423 2456 624 2557 reqnifiuit,
662 2467 703 2536 vt
726 2456 774 2532 ad
799 2457 1055 2534 executionem
1080 2457 1187 2534 nobis
1209 2479 1274 2554 per
1299 2460 1450 2537 easdem
1472 2457 1739 2538 commissorum
1772 2478 1897 2559 proee-
2060 2526 2065 2534 .

286 2576 359 2655 iere
378 2578 620 2677 dignaremur.

364 2817 444 2894 Nos
463 2814 589 2917 itaque
612 2813 778 2894 volentes
799 2811 943 2910 exsequi
967 2821 1044 2892 tani
1068 2812 1201 2894 salubre
1223 2814 1412 2914 negotium
1438 2814 1476 2894 &
1502 2816 1723 2895 mandatum
1743 2812 1894 2916 Aposto-

287 2930 377 3016 bum
397 2934 505 3012 nobis
531 2936 568 3011 in
592 2934 663 3009 hac
686 2944 787 3030 parte
813 2934 988 3009 dicessum
1010 2946 1239 3025 reuerenter,
1272 2948 1313 3013 vt
1335 2947 1512 3013 tenemur.
1576 2936 1671 3021 Quia
1700 2933 1764 3033 per
1786 2934 1894 3010 soler·

287 3060 347 3133 lem
367 3053 635 3155 inqnifitionem
659 3053 761 3150 super
789 3052 849 3128 liis
872 3076 935 3150 per
957 3075 1026 3127 nos
1040 3053 1205 3141 ‘ladam
1237 3053 1448 3131 inuenimus
1470 3067 1615 3133 narrata
1635 3055 1672 3130 in
1701 3052 1894 3152 praedietis

286 3172 482 3272 spicum
508 3172 644 3250 Literis
670 3173 873 3256 eslevera,
916 3174 953 3250 dr
976 3172 1187 3270 praecipue,
1228 3174 1326 3273 quod
1347 3173 1530 3252 Dominus
1556 3173 1728 3252 Albertiis
1755 3173 1893 3251 Comes

284 3296 560 3391 praenominatus
574 3316 697 3370 merae
711 3289 923 3368 deuotionis
946 3291 1082 3367 intuitu
1104 3293 1250 3379 dusius,
1278 3294 1419 3370 dudum
1435 3293 1678 3392 parochialem
1693 3289 1891 3370 Ecclesiam

283 3408 627 3493 lnBettenbrunnen
658 3411 775 3490 dislae
808 3408 1010 3495 Dioecefis,
1047 3397 1146 3510 puae
1168 3412 1344 3490 liaslenus
1373 3437 1437 3511 per
1463 3414 1673 3501 Restorem,
1707 3435 1772 3512 per
1798 3409 1890 3488 Loci
2032 3442 2051 3517 j

282 3532 493 3613 Ordinarim
521 3528 585 3610 ad·
599 3529 707 3631 ipsius
731 3528 887 3606 Comitis
918 3531 1263 3626 praesentationem,
1287 3532 1326 3608 in
1354 3532 1486 3611 eadem
1512 3531 1733 3620 institutum,
1757 3533 1889 3627 guber·

278 3655 341 3732 rui
364 3654 591 3741 conscueuit,
616 3649 842 3746 collegiatam
862 3648 1058 3726 Ecclesiam
1081 3650 1159 3727 fore
1190 3651 1414 3741 desiderans,
1441 3675 1525 3730 eam
1550 3664 1730 3752 quantum
1754 3651 1888 3750 inipso

275 3771 333 3854 suit
360 3776 401 3854 in
434 3773 662 3872 collegiatam
690 3771 826 3858 erexit,
869 3791 913 3845 ac
943 3790 1008 3866 pro
1044 3781 1199 3868 quatuor
1234 3772 1399 3856 Persoriis
1433 3773 1578 3851 idoneis
1606 3770 1697 3848 inibi
1725 3770 1890 3848 Domino

270 3908 432 3996 perpetuo
455 3893 658 3977 seruitutis,
683 3913 835 3989 quarum
862 3913 934 3967 vna
959 3889 1209 3986 Praepositus,
1232 3892 1271 3969 si
1297 3892 1389 3968 aliae
1417 3890 1597 3969 Canonici
1623 3891 1740 3969 distae
1759 3889 1885 3967 Eccle-

266 4012 328 4093 ἧσε
346 4002 486 4100 forent,
520 4011 730 4113 Capitulum
757 4009 925 4105 ejusdem
946 4008 1127 4087 Ecclefiae
1149 4012 1338 4089 iacientes.
1396 4011 1470 4097 Qui
1492 4008 1642 4110 quidem
1663 4009 1888 4108 praepositus
1933 4088 1936 4093 ,

263 4144 392 4239 mrem.
406 4133 714 4213 Parocliianorum
738 4128 855 4207 sillae
878 4127 1060 4206 Ecclesiae
1081 4153 1227 4228 gerere,
1256 4131 1489 4209 &exercere
1516 4129 1686 4217 deberet,
1717 4131 1755 4208 dr
1778 4126 1887 4207 bonis

256 4254 364 4339 tibia
393 4259 476 4338 Deo
502 4251 643 4337 collatis
668 4247 884 4328 sufficienter
911 4247 1056 4328 dotauit
1084 4274 1147 4351 per
1173 4254 1289 4343 bona,
1323 4249 1508 4342 decium,
1544 4248 1668 4328 census
1696 4250 1737 4330 di
1761 4245 1886 4329 reddi·

252 4388 316 4459 tue
338 4380 435 4459 inira
457 4371 727 4478 specificandos.

345 4617 399 4694 iu
422 4613 664 4694 nibilominus
694 4608 785 4686 fecit
818 4609 857 4686 di
891 4606 1076 4686 ordinauit
1103 4628 1179 4685 non
1212 4606 1312 4686 nulla
1341 4604 1538 4687 laudabilia
1564 4604 1759 4685 statuta&
1785 4600 1884 4683 ordi·
1967 4658 1970 4662 n
2028 4684 2034 4691 ,

240 4741 509 4838 utionmpei
535 4728 800 4830 Psaepolitum,
841 4725 1050 4808 Canonicoo
1083 4730 1121 4806 di
1150 4726 1360 4827 Capitulum
1388 4727 1589 4831 praeditlos
1613 4724 1801 4854 perpetius
1826 4725 1882 4802 fu·
