4276 5670
842 389 1264 487 eoem*
1620 382 1634 393 ‘
1796 400 1869 487 au

236 571 388 655 Ordinis
421 568 461 648 S.
487 567 685 650 Benediiii·
709 578 776 650 ete'.
804 570 970 651 Salutem
1004 571 1043 648 in
1076 571 1265 658 Domino.⁴
1288 570 1334 651 J&
1358 564 1640 655 omnebonum,
1681 563 1876 665 afficimue
2026 693 2030 697 .
2082 538 2087 579 :

234 695 360 774 nostra
383 691 610 792 paratiffima

236 986 281 1009 -.
333 931 476 1010 Notum
508 929 665 1008 iacimus
687 929 927 1009 Reuereadae
956 929 1158 1006 admodum
1178 926 1429 1010 Domiortioni
1451 935 1542 1006 tuae
1557 927 1656 1026 qnod
1678 923 1879 1027 Superiori·

238 1057 315 1135 litis
340 1053 477 1130 Diebus
499 1051 651 1128 dileiius
681 1048 1256 1143 nobis2Reuorendus·Dominus
1287 1049 1469 1148 Georgius,
1506 1046 1712 1125 Monasterii
1737 1050 1776 1126 S.
1800 1051 1878 1128 Ma·

235 1169 313 1253 riae
342 1173 388 1250 ad
406 1170 524 1250 Scotos
549 1170 721 1257 Viennae,
754 1172 922 1266 ejusdem
938 1168 1098 1244 Ordinis
1127 1165 1269 1256 abbas,
1303 1168 1416 1245 nobis·
1433 1169 1471 1248 dt
1502 1165 1717 1245 Confistorio
1740 1169 1877 1260 nostra,

227 1298 373 1372 deuote
395 1290 531 1391 exponi
556 1289 702 1374 iecerit,
728 1302 909 1389 quatenus
932 1312 1005 1365 non
1031 1288 1149 1366 nullos
1168 1286 1478 1371 Conuentualium
1500 1285 1539 1365 dc
1556 1278 1712 1367 fratrum
1734 1289 1878 1369 suorum

236 1414 280 1490 in
304 1411 520 1490 monasterio
547 1411 718 1492 haberet.
755 1410 821 1506 qui
842 1413 879 1488 dt
902 1408 1134 1485 inmoribus
1153 1408 1311 1506 niaque
1333 1406 1535 1504 exemplari
1561 1405 1717 1485 dissoluti
1744 1407 1876 1499 eliens,

237 1533 336 1613 &in
365 1529 558 1627 Disciplina
581 1525 825 1604 Ecclesraliica
846 1528 1002 1604 nimium
1028 1526 1302 1616 examinarent,
1330 1529 1428 1610 adeo
1449 1525 1632 1608 rtrnullus
1654 1525 1877 1614 commoni

239 1640 470 1752 &paternae
492 1646 752 1725 admonitioni
781 1648 864 1722 suae
887 1649 983 1744 'apud
1008 1647 1097 1725 illos:
1112 1648 1256 1730 reliiius
1276 1648 1378 1723 locus
1391 1646 1620 1725 inueniatur.
1686 1649 1794 1735 Quod
1823 1647 1877 1726 so·

237 1773 314 1850 lum
336 1774 423 1848 inde
445 1770 524 1847 fieri
551 1768 715 1854 dicebat,
735 1767 770 1841 le
790 1765 923 1843 scilicet
946 1768 994 1843 ad
1018 1770 1154 1866 negotia
1170 1766 1306 1868 publica
1330 1771 1374 1848 dr
1391 1767 1610 1867 provincialia
1632 1767 1876 1873 smgulisdufere

239 1893 389 1976 diebus,
416 1892 464 1966 ad
488 1889 704 1965 mandatum
726 1885 766 1962 S.
789 1886 832 1962 C.
854 1887 904 1962 M.
925 1885 1079 1961 Domini
1105 1887 1216 1963 nollri
1247 1886 1511 1966 clementiffimi
1541 1898 1612 1965 etc
1637 1889 1800 1979 auocari,
1836 1891 1877 1970 dt

239 2014 279 2093 dr
295 2013 383 2088 ideo
407 2011 537 2086 iratres
569 2009 609 2082 in
631 2005 768 2094 officio,
803 1997 1007 2082 Praesentia
1032 2005 1093 2084 sua
1120 2007 1241 2094 domi,
1277 2007 1427 2085 interim
1451 2009 1640 2089 continere
1666 2033 1740 2091 uon
1768 2010 1874 2111 polle.

239 2131 519 2219 Hincnollram
542 2127 762 2205 ordinariam
784 2126 1012 2206 rffistent'iam
1039 2127 1262 2206 &officinm
1285 2127 1513 2225 implorauit,
1537 2128 1875 2227 supplicandohuic

239 2255 356 2341 malo,
374 2249 681 2327 :ad‘euitandam
704 2246 842 2338 majus,
874 2244 1163 2335 lirbueniremus‚
1196 2271 1404 2347 nouamque
1426 2272 1547 2327 nouae
1570 2249 1778 2348 disciplinae
1803 2251 1874 2327 Ec·

240 2370 454 2453 clesraliicae
479 2368 788 2445 Reformationim
810 2368 1137 2444 introduceremus.
1196 2369 1304 2454 Quod
1329 2379 1370 2446 vt
1393 2391 1526 2464 magua
1552 2369 1669 2447 anlrni
1689 2372 1873 2470 perturba·

240 2495 343 2570 tione
372 2489 601 2587 ‚accepimus
633 2490 686 2563 ita
712 2488 804 2564 nihil
823 2489 926 2586 prius
952 2487 1059 2565 nobis
1080 2488 1174 2575 fuit,
1204 2511 1315 2586 quam
1337 2499 1378 2565 vt
1413 2488 1575 2587 principe
1611 2488 1691 2567 loco
1730 2487 1873 2589 piorum

235 2596 492 2696 liundatorum
524 2633 630 2685 mens
656 2610 701 2684 ad
729 2609 894 2685 Laudem
918 2609 989 2684 Dei
1012 2607 1275 2706 omnipotentis
1300 2632 1472 2704 vergens.
1494 2607 1586 2686 sarta
1612 2613 1777 2712 taliaque
1795 2612 1873 2687 mab

241 2746 349 2818 neat,
389 2730 500 2826 inque
535 2728 703 2804 omnibus
727 2726 862 2804 Sedulo
893 2722 1118 2815 obseruatus.
1147 2729 1296 2805 deinde.
1315 2729 1509 2811 uenam
1534 2730 1705 2821 diuinus,
1726 2723 1781 2809 ‘in
1808 2728 1874 2813 tali

241 2852 458 2952 potiffimum
483 2849 580 2932 loco,
614 2848 882 2947 quamplurimi
917 2846 958 2923 ii
988 2850 1160 2947 praecipui
1184 2847 1310 2945 qnidam
1339 2852 1501 2927 ciuitatis.
1537 2851 1873 2947 magnarumve

242 2970 432 3067 nta'tione
457 2967 595 3044 visitare
624 2967 759 3055 solent,
785 2992 832 3044 ne
853 2966 890 3042 in
918 2967 1073 3044 minimo
1099 2966 1246 3066 quaem
1264 2967 1524 3056 labesastetur,
1545 2969 1593 3045 stc
1617 2992 1873 3068 quoqueoues

243 3093 298 3170 ab·
312 3089 444 3167 hoedis
468 3087 766 3186 sequestrentur:
798 3089 848 3163 Et
873 3088 1008 3183 athos
1031 3111 1107 3164 non
1130 3100 1210 3172 tam
1232 3086 1426 3176 foeliciter,
1458 3111 1571 3187 quam
1595 3089 1767 3169 velociter
1791 3074 1872 3178 fiat}

236 3209 438 3312 'procellam
464 3205 703 3306 inquisitionis
727 3207 969 3296 instituimus,
994 3205 1032 3283 in
1063 3206 1127 3282 illo
1147 3217 1270 3285 autem
1294 3231 1368 3282 non
1394 3206 1458 3283 nisr
1484 3231 1604 3289 raram
1627 3207 1872 3291 Concordiam

241 3331 419 3418 fratrum,
442 3328 481 3407 δι
504 3327 779 3406 Dillolutionem
802 3348 948 3405 morum
972 3325 1299 3406 Ecclesrallicorum
1322 3328 1542 3407 inuenimus.

249 3476 294 3525 r:·-..
326 3455 441 3525 wir}
632 3514 662 3523 ,,
719 3448 803 3523 ·,·...“,
864 3447 895 3519 “1
940 3448 1047 3535 ζτῖςῖῡ
1082 3474 1098 3479 ··
1289 3486 1292 3493 -
1339 3483 1354 3490 ·’
1405 3484 1415 3525 ·:
1514 3454 1548 3492 ’-
1767 3508 1772 3519 .

303 3573 306 3576 ’
339 3569 465 3668 Itaque
489 3568 686 3645 reformare
710 3568 748 3646 dr
773 3589 907 3643 nouam
934 3564 1164 3666 Disciplinam
1196 3567 1426 3649 introducere
1448 3568 1612 3648 volentes
1636 3568 1873 3653 eonnentaa

243 3691 339 3781 lem,
370 3689 430 3764 cui
455 3690 603 3767 deberet
628 3687 666 3764 dc
693 3689 885 3764 commode
910 3686 1020 3785 poliat
1043 3688 1204 3766 officium
1231 3688 1423 3780 Prioratas,
1459 3689 1519 3788 qui
1550 3690 1708 3791 reliquos
1730 3690 1787 3769 vel
1810 3716 1872 3768 ex·

242 3810 365 3910 e‘mplo
390 3813 487 3897 bono
512 3819 672 3893 teneret,
712 3806 937 3886 veluntatis
958 3807 996 3884 δι
1025 3808 1210 3885 dollrinae
1233 3809 1407 3886 limitibus
1433 3824 1638 3901 coerceret,
1664 3835 1735 3889 nec
1748 3822 1874 3892 'vnum

244 3931 396 4031 quidem
436 3924 681 4024 iudicauimffl
721 3927 885 4026 dignum.
929 3927 1078 4013 Duum
1106 3929 1277 4006 medicus
1310 3929 1514 4029 quaeriturj
1553 3933 1752 4032 exasperari
1786 3932 1875 4040 soler¹

243 4049 414 4129 minna
437 4047 580 4154 „ltaque
601 4046 878 4125 exssziliiusmodi
908 4047 1066 4144 epistolis
1099 4073 1219 4145 arqmu
1250 4047 1370 4127 Ladon
1390 4070 1474 4126 nou
1509 4074 1598 4128 mox
1628 4051 1790 4135 inserena.
1825 4077 1875 4132 eo

241 4190 361 4268 uque
383 4167 711 4266 prostratamfirille
737 4165 957 4266 disciplinam
978 4168 1016 4244 in
1032 4167 1247 4256 coenobiis,
1276 4181 1320 4244 ut
1343 4168 1412 4247 iiua-
1428 4169 1526 4247 inter
1549 4169 1583 4246 se
1606 4171 1877 4262 lamentantium

239 4291 343 4392 quod
369 4312 433 4387 per
454 4287 622 4390 Epn'stoias
656 4288 732 4405 lieri
756 4288 852 4364 solet.
917 4289 1000 4364 Hoc
1033 4290 1232 4367 monitum.
1245 4287 1309 4367 fibi
1340 4288 1511 4388 inprimis
1535 4302 1666 4371 notent
1697 4292 1876 4373 censores
2015 4315 2020 4326 '

237 4407 394 4511 quidam
421 4408 511 4482 alias
534 4408 630 4490 noti,
668 4409 732 4506 qui
755 4433 803 4483 ex
826 4408 958 4484 notitia
980 4428 1066 4486 cum
1088 4408 1153 4508 ipfi
1179 4409 1466 4494 communicata,
1490 4433 1607 4508 quum
1629 4411 1703 4491 mel
1727 4413 1878 4513 pollente

235 4536 319 4609 don
344 4528 409 4607 n'isr
434 4552 575 4605 venena
607 4531 729 4623 sugere
753 4528 882 4605 solent.
901 4584 908 4601 .
927 4529 1106 4628 „Sapienti
1130 4531 1303 4628 paunus,
1329 4528 1541 4621 consultum
1563 4541 1666 4628 erga
1699 4535 1879 4613 nnumin

235 4646 317 4725 hoc
343 4648 383 4725 n
406 4650 511 4732 caru.
546 4647 701 4753 aaron
715 4635 1472 4745 inmtnonnauuamnaumnmcen
1487 4649 1875 4765 -inpromnnaan

235 4779 353 4868 prout
381 4767 476 4843 hisce
494 4769 748 4847 lleuereudam
773 4770 985 4847 Admodum
1010 4769 1311 4850 Dominationum
1342 4781 1444 4848 taam
1474 4769 1628 4847 officiose
1654 4772 1870 4859 salutamus,
1999 4818 2004 4827 ·

1680 4913 1870 4993 peraman·
2028 4923 2051 5014 ’κ
