4276 5670
266 440 273 461 ,
310 388 390 467 uta.
630 440 634 452 ,
917 383 1353 478 *mot

180 561 188 573 “
313 560 407 638 haec
434 555 591 657 respebiu
603 555 853 656 praediorum,
884 580 980 657 quae
1002 558 1200 638 alienauit?
1237 585 1334 637 anuo
1360 561 1434 656 ium
1464 569 1568 658 1569.
1594 566 1828 646 Ottoburauia
1843 572 1932 648 Boc·

313 682 452 781 ningen,
498 679 536 755 dt
560 700 656 753 anuo
685 697 787 771 1570.
819 676 1102 772 Memminganis
1131 680 1312 778 quosdam
1346 681 1575 779 pecuniarios
1612 686 1811 773 Redditus,
1863 706 1934 769 nec

313 818 389 874 uon
417 796 456 874 &
483 793 554 871 alia
576 797 675 892 jura,
708 817 801 893 quae
830 793 1087 872 Monasterium
1110 796 1148 872 iu
1174 800 1212 876 u
1239 812 1341 874 extra
1364 799 1550 877 ciuitatem
1573 800 1718 889 babuit,
1754 809 1933 887 vendidit.

312 916 355 993 Id
375 927 499 992 tamen
525 912 738 992 Neoeliitate
763 906 900 1010 magia,
925 914 1034 1013 quum
1053 913 1148 991 luxu
1167 916 1481 994 indultus-fecisse
1505 919 1679 1016 videtur,
1708 925 1732 1000 sr
1760 929 1798 1005 dt
1825 928 1935 1004 seculi

312 1033 564 1135 iniquitatem,
590 1055 661 1130 qua
683 1029 796 1118 vixit,
826 1032 865 1110 dr
888 1054 1101 1127 magnorum
1127 1032 1293 1110 Virorum
1327 1034 1662 1124 Exiliirnationem,
1700 1065 1772 1138 qua
1790 1044 1932 1123 frueba-

310 1159 388 1242 tur,
418 1149 783 1241 considerauerimus,
819 1174 919 1250 quae
948 1154 1030 1230 sane
1066 1161 1169 1226 tanta
1192 1164 1291 1238 erat.
1331 1165 1372 1230 vt
1401 1154 1463 1233 vix
1496 1167 1581 1233 ante
1616 1161 1775 1237 Mortem
1809 1162 1934 1239 adbuo

308 1283 440 1374 quarta
470 1270 603 1348 scilicet
634 1266 796 1348 octobris
835 1269 896 1346 die
929 1293 1025 1352 anno
1059 1292 1162 1367 1575·
1197 1292 1219 1345 a
1252 1269 1495 1351 celeberrimo
1508 1275 1668 1354 uomitu
1697 1278 1932 1384 „Juniirnon

312 1389 529 1494 Flrflenberg
556 1391 594 1468 dr
625 1384 870 1488 Hailigenberg
901 1388 1061 1463 Litterae
1092 1387 1232 1485 propria
1263 1412 1376 1467 manu
1408 1391 1615 1489 subscriptae
1647 1396 1843 1497 acciperat,
1889 1399 1934 1489 in,

311 1511 443 1614 quibus
473 1531 561 1585 eum
591 1505 800 1609 compatrem
831 1507 932 1584 suurn
969 1527 1100 1583 vocare
1143 1505 1365 1601 dignabatur.
1438 1510 1546 1595 Quod
1581 1517 1709 1590 coneui
1741 1516 1931 1613 scriptnroa

309 1629 500 1733 praecipue
522 1627 558 1702 in
585 1624 641 1701 Eo
665 1637 833 1724 carpunt,
867 1623 934 1712 eti,
964 1626 1062 1722 quod
1084 1623 1294 1723 pierumque
1319 1627 1430 1703 domn
1446 1628 1573 1705 absenr
1592 1630 1631 1707 in
1648 1631 1772 1710 Castro
1793 1635 1934 1712 Wornr·

310 1748 440 1828 brecbts
462 1748 522 1822 seu
550 1743 775 1825 Wanbreclrtz
803 1743 1039 1830 habitauerit,
1084 1746 1142 1832 dt,
1173 1744 1259 1820 iicet
1296 1743 1504 1842 desperatur
1534 1771 1644 1846 prope
1671 1752 1759 1827 esset
1790 1754 1929 1831 Vineae

158 1844 166 1860 ’
309 1868 439 1951 status,
466 1864 628 1968 Mustcnm
655 1861 798 1958 magnis
820 1862 995 1939 sumtibus
1023 1859 1164 1937 aluerit.
1239 1863 1384 1940 Nomen
1410 1865 1512 1943 suum
1541 1879 1710 1945 aeternae
1733 1871 1929 1953 hominurn

305 1983 508 2071 memoriae
530 1980 747 2069 traditurus,
771 1979 906 2076 insigne
921 1979 985 2057 fibi
1002 1980 1157 2058 construi
1176 1981 1380 2081 Mausoleum
1396 1981 1501 2069 fecit.
1531 1987 1630 2083 quod
1645 2001 1769 2064 tamen
1789 1989 1938 2086 postea,

309 2118 351 2186 vt
371 2105 410 2180 in
435 2092 665 2200 Epheme'rid.
691 2094 903 2176 Buceliinus
926 2099 1062 2183 scribit,
1098 2099 1268 2199 vlirorgiur
1289 2099 1427 2189 Albus,
1468 2094 1654 2201 tamquam
1684 2106 1822 2205 aliquid
1845 2109 1930 2190 srm-

308 2221 461 2325 piicitati
485 2221 524 2302 dr
549 2217 757 2318 Paupertati
779 2216 995 2297 monasticae
1020 2219 1241 2309 contrarium
1260 2218 1374 2327 dejici
1396 2221 1588 2319 praecepit

304 2474 312 2485 ·
461 2479 763 2596 Jonnnus
820 2470 1381 2566 cnmsroruonvs
1438 2483 1760 2594 nnrrunu,

894 2630 1159 2715 ABBA'S
1204 2636 1332 2722 XXX

246 2901 249 2908 .
302 2828 306 2837 '
403 2830 565 2912 Primam
590 2829 653 2908 bic
681 2829 805 2909 Abbaa
838 2828 976 2906 Lucem
995 2829 1197 2918 Altdorffii,
1237 2829 1403 2926 Pagoad
1427 2829 1563 2910 Pedem
1587 2833 1695 2911 nostri
1719 2836 1928 2918 Monasterii

301 2952 392 3045 uto,
417 2975 515 3029 anno
546 2973 650 3052 1545
666 2949 745 3027 die
770 2973 828 3027 22.
850 2948 1075 3046 Seprembrin
1100 2947 1162 3024 die
1187 2950 1339 3028 Veneris
1364 2948 1453 3025 bora
1477 2966 1605 3051 quarta
1638 2956 1928 3035 antemeridiana

297 3076 368 3173 sub
390 3071 489 3170 igno
513 3064 622 3146 Tauri
646 3081 686 3146 ut
708 3069 777 3166 ipse
801 3075 844 3162 n)
871 3066 1005 3152 scribit,
1039 3066 1212 3164 adspexit
1252 3070 1414 3145 Patrem
1437 3068 1566 3146 babuit
1587 3071 1757 3176 oJonrnrem
1779 3074 1927 3157 Rninn'r

297 3186 514 3278 Monasterii
536 3187 573 3264 ln
594 3188 745 3289 Hagnnu
766 3189 1059 3287 Procuratorem,
1103 3187 1262 3265 Matrem
1278 3189 1393 3288 filiurn
1416 3188 1553 3273 fratris
1587 3190 1734 3268 Gerur'n
1767 3195 1926 3273 Abbatis

303 3309 435 3398 bostri,
465 3331 585 3408 aquo
606 3307 718 3384 etlam
743 3327 839 3382 anno
868 3310 972 3401 155⁶·
997 3326 1055 3399 30.
1083 3306 1245 3384 Otiobrir
1271 3307 1319 3403 o)
1349 3329 1434 3383 cum
1460 3305 1781 3408 Clristoplorol
1720 3310 1781 3387 Fe
1779 3309 1839 3389 ber
1876 3314 1926 3402 ad

306 3430 536 3512 Nouitiatum
561 3429 766 3514 adsumtus,
801 3424 899 3500 sexta
925 3424 1142 3504 Nouembris
1174 3426 1235 3501 die
1259 3449 1355 3501 anno
1384 3452 1397 3501 r
1403 3438 1485 3520 558
1516 3449 1600 3504 cum
1631 3430 1763 3508 endem
1795 3430 1926 3509 sacra.

163 3589 166 3592 ⁷
294 3551 422 3630 ..menti
446 3547 613 3624 solemnis
638 3542 818 3653 sponsione
841 3543 1101 3622 Benediliinae
1124 3544 1158 3619 se
1182 3544 1355 3621 Familiae
1378 3542 1575 3621 adstrinxit.
1640 3548 1799 3624 Omnem
1833 3552 1925 3628 Ger·

228 3656 231 3661 ’
305 3671 421 3748 wicun
445 3666 614 3744 mouebat
636 3664 812 3763 lapidem,
853 3675 894 3741 vt
924 3653 1128 3760 Pronepoti'
1144 3665 1206 3740 suo
1231 3661 1355 3739 'alium'
1370 3661 1556 3757 inspiraret
1578 3665 1762 3752 animum,
1806 3668 1925 3746 multu

240 3832 243 3840 ν
295 3790 341 3868 'ei
366 3792 456 3867 dura
480 3786 518 3866 dr
543 3784 665 3884 aspera
686 3784 915 3860 vaticinatus.
969 3780 1136 3881 Cognato!
1171 3782 1357 3882 inquiebat
1383 3784 1708 3879 saepenumero,'fi
1728 3791 1771 3882 p)
1803 3785 1924 3865 Turris

297 3904 404 3989 'etiam
428 3892 567 4007 fastigio
599 3905 768 4007 infidrrer,
814 3905 876 3978 uix
905 3926 986 4000 quur
1018 3914 1049 3977 te
1072 3901 1257 4002 exspoliant
1281 3901 1389 3988 Fata,
1431 3900 1531 3978 oculis
1554 3904 1687 4002 definire
1708 3904 1819 4006 poffen
1873 3905 1923 3983 Er

304 4030 387 4111 sane
417 4047 530 4128 qunm
574 4022 660 4100 eliet
698 4022 869 4098 Pontifex
882 4057 888 4065 ·
902 4020 988 4095 anni
1020 4019 1136 4103 illins.
1175 4018 1423 4119 prophetauit,
1473 4032 1514 4098 ut
1550 4019 1671 4118 postea
1703 4022 1924 4101 videbimur.

293 4140 416 4229 'Anno
444 4152 546 4242 1560.
581 4149 637 4221 26.
662 4141 760 4240 Junii
788 4130 967 4238 Dilingoni
991 4139 1038 4215 ad
1062 4138 1177 4215 studia
1201 4139 1338 4224 miltun,
1375 4161 1473 4215 anno
1501 4162 1607 4233 1552.
1638 4140 1922 4220 montoranto

303 4290 410 4365 aeger
436 4262 578 4343 Lediic'a
603 4262 738 4341 Vineae
762 4260 906 4349 delatus
928 4258 988 4335 est.
1047 4259 1181 4336 Verum
1206 4257 1349 4335 sanitati
1378 4255 1561 4333 restitutur
1581 4259 1711 4334 eodem
1740 4282 1839 4338 anno
1863 4287 1922 4339 ro.

290 4383 456 4484 'Augusti
473 4384 595 4460 denuo
611 4379 793 4475 Dilingam
821 4375 944 4463 rediit,
972 4375 1093 4475 ibique
1115 4373 1326 4475 permanfit,
1357 4377 1477 4453 donec
1498 4398 1594 4452 anno
1618 4386 1721 4475 1564
1741 4401 1799 4473 25.
1813 4381 1924 4478 Apri·

243 4523 253 4543 ·
297 4501 361 4588 'lis
392 4506 438 4582 ab
471 4500 615 4579 Abbate
650 4521 734 4575 cum
770 4495 1013 4572 confratribus
1040 4493 1111 4571 suis
1139 4496 1292 4573 domurn
1317 4503 1529 4579 reuocatus,
1569 4496 1760 4573 docendis
1797 4499 1922 4595 pueris

291 4627 596 4783 praeponeretur,
645 4616 776 4696 ceteris
817 4614 1030 4712 Friburgum
1063 4613 1183 4692 miliis.
1264 4614 1389 4692 Noluit
1420 4617 1505 4690 mim
1546 4613 1733 4707 Gerruicus,
1775 4630 1815 4696 vt
1850 4618 1922 4716 ipse

1799 4734 1922 4842 Journ-

175 4914 179 4921 ,
343 4864 382 4947 ¹,)
404 4856 594 4948 mumma
708 4854 765 4938 ο)
784 4848 863 4923 nu.
995 4857 1032 4940 p)
1056 4852 1134 4925 nu
