<?xml version="1.0" encoding="UTF-8"?>
<!DOCTYPE html PUBLIC "-//W3C//DTD XHTML 1.0 Transitional//EN"
    "http://www.w3.org/TR/xhtml1/DTD/xhtml1-transitional.dtd">
<html xmlns="http://www.w3.org/1999/xhtml" xml:lang="en" lang="en">
 <head>
  <title>
</title>
<meta http-equiv="Content-Type" content="text/html;charset=utf-8" />
  <meta name='ocr-system' content='tesseract 3.04.00' />
  <meta name='ocr-capabilities' content='ocr_page ocr_carea ocr_par ocr_line ocrx_word'/>
</head>
<body>
  <div class='ocr_page' id='page_1' title='image "./prodromusmonume00hessgoog_0144.png"; bbox 0 0 4276 5670; ppageno 0'>
   <div class='ocr_carea' id='block_1_1' title="bbox 73 395 1869 680">
    <p class='ocr_par' dir='ltr' id='par_1_1' title="bbox 73 395 1869 680">
     <span class='ocr_line' id='line_1_1' title="bbox 661 395 1869 492; baseline 0.006 -16"><span class='ocrx_word' id='word_1_1' title='bbox 661 397 1109 492; x_wconf 53' lang='lat' dir='ltr'><strong>&#39;samoe</strong></span> <span class='ocrx_word' id='word_1_2' title='bbox 1637 406 1706 484; x_wconf 79' lang='lat'><strong>¹23</strong></span> <span class='ocrx_word' id='word_1_3' title='bbox 1867 395 1869 400; x_wconf 78' lang='grc'><strong>’</strong></span> 
     </span>
     <span class='ocr_line' id='line_1_2' title="bbox 73 565 1709 680; baseline -0.004 -27"><span class='ocrx_word' id='word_1_4' title='bbox 73 579 152 678; x_wconf 77' lang='lat' dir='ltr'><strong>fied</strong></span> <span class='ocrx_word' id='word_1_5' title='bbox 174 578 351 680; x_wconf 73' lang='lat' dir='ltr'><strong>mslimeoiu</strong></span> <span class='ocrx_word' id='word_1_6' title='bbox 371 597 457 663; x_wconf 84' lang='lat' dir='ltr'><strong>meu,</strong></span> <span class='ocrx_word' id='word_1_7' title='bbox 501 574 696 672; x_wconf 87' lang='lat' dir='ltr'><strong>apresatis</strong></span> <span class='ocrx_word' id='word_1_8' title='bbox 717 566 990 670; x_wconf 71' lang='lat' dir='ltr'>subdiaconibus</span> <span class='ocrx_word' id='word_1_9' title='bbox 1021 575 1108 651; x_wconf 90' lang='lat' dir='ltr'><strong>hinc</strong></span> <span class='ocrx_word' id='word_1_10' title='bbox 1139 573 1178 651; x_wconf 81' lang='lat' dir='ltr'><strong>dr</strong></span> <span class='ocrx_word' id='word_1_11' title='bbox 1201 570 1287 649; x_wconf 88' lang='lat' dir='ltr'><strong>inde</strong></span> <span class='ocrx_word' id='word_1_12' title='bbox 1311 565 1542 675; x_wconf 71' lang='lat' dir='ltr'><strong>dflrubumur,</strong></span> <span class='ocrx_word' id='word_1_13' title='bbox 1583 568 1626 657; x_wconf 72' lang='lat' dir='ltr'><strong>s?</strong></span> <span class='ocrx_word' id='word_1_14' title='bbox 1647 570 1709 666; x_wconf 77' lang='lat' dir='ltr'><strong>fieb</strong></span> 
     </span>
    </p>
   </div>
   <div class='ocr_carea' id='block_1_2' title="bbox 82 688 1876 795">
    <p class='ocr_par' dir='ltr' id='par_1_2' title="bbox 82 688 1876 795">
     <span class='ocr_line' id='line_1_3' title="bbox 82 688 1876 795; baseline -0.003 -20"><span class='ocrx_word' id='word_1_15' title='bbox 82 699 249 795; x_wconf 51' lang='lat' dir='ltr'><strong>meum</strong></span> <span class='ocrx_word' id='word_1_16' title='bbox 272 700 393 772; x_wconf 81' lang='lat' dir='ltr'><strong>modum</strong></span> <span class='ocrx_word' id='word_1_17' title='bbox 408 693 555 790; x_wconf 64' lang='lat' dir='ltr'><strong>fecem</strong></span> <span class='ocrx_word' id='word_1_18' title='bbox 584 708 671 795; x_wconf 80' lang='lat' dir='ltr'><strong>rupee</strong></span> <span class='ocrx_word' id='word_1_19' title='bbox 687 699 892 794; x_wconf 70' lang='lat' dir='ltr'><strong>seponatur,</strong></span> <span class='ocrx_word' id='word_1_20' title='bbox 928 694 1035 773; x_wconf 79' lang='lat' dir='ltr'><strong>finita</strong></span> <span class='ocrx_word' id='word_1_21' title='bbox 1056 693 1211 794; x_wconf 86' lang='lat' dir='ltr'><strong>passione</strong></span> <span class='ocrx_word' id='word_1_22' title='bbox 1234 693 1335 790; x_wconf 86' lang='lat' dir='ltr'><strong>super</strong></span> <span class='ocrx_word' id='word_1_23' title='bbox 1356 692 1469 768; x_wconf 88' lang='lat' dir='ltr'><strong>altare</strong></span> <span class='ocrx_word' id='word_1_24' title='bbox 1496 689 1627 765; x_wconf 86' lang='lat' dir='ltr'>recitat</span> <span class='ocrx_word' id='word_1_25' title='bbox 1657 688 1709 764; x_wconf 88' lang='lat' dir='ltr'><strong>sa·</strong></span> <span class='ocrx_word' id='word_1_26' title='bbox 1866 746 1876 769; x_wconf 43' lang='lat' dir='ltr'><strong>r</strong></span> 
     </span>
    </p>
   </div>
   <div class='ocr_carea' id='block_1_3' title="bbox 24 807 1714 2228">
    <p class='ocr_par' dir='ltr' id='par_1_3' title="bbox 24 807 1714 2228">
     <span class='ocr_line' id='line_1_4' title="bbox 83 807 1710 919; baseline -0.007 -25"><span class='ocrx_word' id='word_1_27' title='bbox 83 818 211 894; x_wconf 81' lang='lat' dir='ltr'><strong>oerdos</strong></span> <span class='ocrx_word' id='word_1_28' title='bbox 232 817 430 894; x_wconf 80' lang='lat' dir='ltr'><strong>oraciones.</strong></span> <span class='ocrx_word' id='word_1_29' title='bbox 488 816 621 890; x_wconf 73' lang='lat' dir='ltr'><strong>Oranus</strong></span> <span class='ocrx_word' id='word_1_30' title='bbox 644 815 833 913; x_wconf 77' lang='lat' dir='ltr'><strong>dileitrffimi,</strong></span> <span class='ocrx_word' id='word_1_31' title='bbox 870 818 1083 895; x_wconf 81' lang='lat' dir='ltr'><strong>&amp;ceteras</strong></span> <span class='ocrx_word' id='word_1_32' title='bbox 1115 854 1182 897; x_wconf 58' lang='grc'><strong>,-</strong></span> <span class='ocrx_word' id='word_1_33' title='bbox 1232 854 1280 870; x_wconf 91' lang='grc'>-</span> <span class='ocrx_word' id='word_1_34' title='bbox 1331 854 1381 919; x_wconf 47' lang='grc' dir='ltr'>ε</span> <span class='ocrx_word' id='word_1_35' title='bbox 1430 807 1600 890; x_wconf 77' lang='lat' dir='ltr'><strong>Colleiiis</strong></span> <span class='ocrx_word' id='word_1_36' title='bbox 1623 829 1710 883; x_wconf 87' lang='lat' dir='ltr'><strong>con·</strong></span> 
     </span>
     <span class='ocr_line' id='line_1_5' title="bbox 82 920 1709 1026; baseline -0.004 -15"><span class='ocrx_word' id='word_1_37' title='bbox 82 934 272 1012; x_wconf 89' lang='lat' dir='ltr'><strong>summatis</strong></span> <span class='ocrx_word' id='word_1_38' title='bbox 296 935 461 1012; x_wconf 78' lang='lat' dir='ltr'><strong>sacerdos</strong></span> <span class='ocrx_word' id='word_1_39' title='bbox 492 935 667 1011; x_wconf 86' lang='lat' dir='ltr'><strong>&amp;ceteri</strong></span> <span class='ocrx_word' id='word_1_40' title='bbox 699 934 822 1010; x_wconf 88' lang='lat' dir='ltr'><strong>altaris</strong></span> <span class='ocrx_word' id='word_1_41' title='bbox 852 934 1002 1010; x_wconf 86' lang='lat' dir='ltr'><strong>ministri</strong></span> <span class='ocrx_word' id='word_1_42' title='bbox 1030 935 1076 1009; x_wconf 90' lang='lat' dir='ltr'><strong>ad</strong></span> <span class='ocrx_word' id='word_1_43' title='bbox 1104 933 1282 1026; x_wconf 66' lang='lat' dir='ltr'><strong>mausum</strong></span> <span class='ocrx_word' id='word_1_44' title='bbox 1306 920 1484 1019; x_wconf 86' lang='lat' dir='ltr'><strong>redeunt,</strong></span> <span class='ocrx_word' id='word_1_45' title='bbox 1519 933 1557 1012; x_wconf 83' lang='lat' dir='ltr'><strong>dr</strong></span> <span class='ocrx_word' id='word_1_46' title='bbox 1581 930 1709 1024; x_wconf 65' lang='lat' dir='ltr'><strong>claſsem,</strong></span> 
     </span>
     <span class='ocr_line' id='line_1_6' title="bbox 75 1053 1712 1151; baseline -0.003 -22"><span class='ocrx_word' id='word_1_47' title='bbox 75 1054 190 1149; x_wconf 74' lang='lat' dir='ltr'><strong>fider,</strong></span> <span class='ocrx_word' id='word_1_48' title='bbox 216 1054 369 1150; x_wconf 70' lang='lat' dir='ltr'><strong>fumeus,</strong></span> <span class='ocrx_word' id='word_1_49' title='bbox 401 1061 564 1151; x_wconf 78' lang='lat' dir='ltr'><strong>calcemque</strong></span> <span class='ocrx_word' id='word_1_50' title='bbox 586 1054 794 1151; x_wconf 88' lang='lat' dir='ltr'><strong>deponunt,</strong></span> <span class='ocrx_word' id='word_1_51' title='bbox 826 1053 922 1130; x_wconf 86' lang='lat' dir='ltr'><strong>&amp;in</strong></span> <span class='ocrx_word' id='word_1_52' title='bbox 951 1054 1103 1128; x_wconf 89' lang='lat' dir='ltr'><strong>chorum</strong></span> <span class='ocrx_word' id='word_1_53' title='bbox 1142 1054 1188 1128; x_wconf 94' lang='lat' dir='ltr'><strong>ad</strong></span> <span class='ocrx_word' id='word_1_54' title='bbox 1209 1054 1407 1149; x_wconf 75' lang='lat' dir='ltr'><strong>suacensem</strong></span> <span class='ocrx_word' id='word_1_55' title='bbox 1436 1074 1553 1127; x_wconf 78' lang='lat' dir='ltr'><strong>nucea</strong></span> <span class='ocrx_word' id='word_1_56' title='bbox 1577 1070 1712 1126; x_wconf 86' lang='lat' dir='ltr'><strong>conue-</strong></span> 
     </span>
     <span class='ocr_line' id='line_1_7' title="bbox 84 1171 1712 1269; baseline -0.002 -20"><span class='ocrx_word' id='word_1_57' title='bbox 84 1171 200 1249; x_wconf 87' lang='lat' dir='ltr'><strong>niunt.</strong></span> <span class='ocrx_word' id='word_1_58' title='bbox 251 1215 301 1231; x_wconf 90' lang='lat'><em>-</em></span> <span class='ocrx_word' id='word_1_59' title='bbox 350 1215 401 1231; x_wconf 93' lang='lat'><em>-</em></span> <span class='ocrx_word' id='word_1_60' title='bbox 448 1214 498 1230; x_wconf 95' lang='lat'><em>-</em></span> <span class='ocrx_word' id='word_1_61' title='bbox 555 1173 595 1249; x_wconf 92' lang='lat' dir='ltr'><strong>In</strong></span> <span class='ocrx_word' id='word_1_62' title='bbox 628 1175 759 1250; x_wconf 89' lang='lat' dir='ltr'><strong>eodem</strong></span> <span class='ocrx_word' id='word_1_63' title='bbox 787 1185 911 1248; x_wconf 89' lang='lat' dir='ltr'><strong>autem</strong></span> <span class='ocrx_word' id='word_1_64' title='bbox 944 1183 1152 1257; x_wconf 88' lang='lat' dir='ltr'><strong>momento,</strong></span> <span class='ocrx_word' id='word_1_65' title='bbox 1196 1195 1268 1269; x_wconf 89' lang='lat' dir='ltr'><strong>quo</strong></span> <span class='ocrx_word' id='word_1_66' title='bbox 1291 1172 1350 1267; x_wconf 82' lang='lat' dir='ltr'><strong>istc</strong></span> <span class='ocrx_word' id='word_1_67' title='bbox 1373 1194 1451 1247; x_wconf 83' lang='lat' dir='ltr'><strong>crux</strong></span> <span class='ocrx_word' id='word_1_68' title='bbox 1472 1172 1644 1245; x_wconf 73' lang='lat' dir='ltr'><strong>renuam</strong></span> <span class='ocrx_word' id='word_1_69' title='bbox 1678 1176 1712 1245; x_wconf 86' lang='lat' dir='ltr'><strong>in</strong></span> 
     </span>
     <span class='ocr_line' id='line_1_8' title="bbox 83 1283 1712 1389; baseline -0.003 -19"><span class='ocrx_word' id='word_1_70' title='bbox 83 1287 189 1380; x_wconf 73' lang='lat' dir='ltr'><strong>ebur,</strong></span> <span class='ocrx_word' id='word_1_71' title='bbox 215 1292 334 1370; x_wconf 83' lang='lat' dir='ltr'><strong>eciam</strong></span> <span class='ocrx_word' id='word_1_72' title='bbox 357 1296 395 1368; x_wconf 81' lang='lat' dir='ltr'><strong>cle</strong></span> <span class='ocrx_word' id='word_1_73' title='bbox 412 1299 476 1377; x_wconf 70' lang='lat' dir='ltr'><strong>,ille</strong></span> <span class='ocrx_word' id='word_1_74' title='bbox 507 1308 619 1388; x_wconf 80' lang='lat' dir='ltr'><strong>magna</strong></span> <span class='ocrx_word' id='word_1_75' title='bbox 639 1299 776 1368; x_wconf 76' lang='lat' dir='ltr'><strong>mserum</strong></span> <span class='ocrx_word' id='word_1_76' title='bbox 802 1293 1012 1388; x_wconf 88' lang='lat' dir='ltr'><strong>deponitur,</strong></span> <span class='ocrx_word' id='word_1_77' title='bbox 1051 1313 1122 1388; x_wconf 90' lang='lat' dir='ltr'><strong>que</strong></span> <span class='ocrx_word' id='word_1_78' title='bbox 1152 1292 1203 1367; x_wconf 87' lang='lat' dir='ltr'><strong>est</strong></span> <span class='ocrx_word' id='word_1_79' title='bbox 1224 1292 1321 1389; x_wconf 82' lang='lat' dir='ltr'><strong>fiepra</strong></span> <span class='ocrx_word' id='word_1_80' title='bbox 1348 1283 1471 1366; x_wconf 77' lang='lat' dir='ltr'><strong>esuum</strong></span> <span class='ocrx_word' id='word_1_81' title='bbox 1496 1296 1530 1364; x_wconf 82' lang='lat' dir='ltr'><strong>in</strong></span> <span class='ocrx_word' id='word_1_82' title='bbox 1557 1289 1712 1386; x_wconf 64' lang='lat' dir='ltr'><strong>pessaria</strong></span> 
     </span>
     <span class='ocr_line' id='line_1_9' title="bbox 78 1410 1711 1511; baseline -0.002 -24"><span class='ocrx_word' id='word_1_83' title='bbox 78 1419 191 1511; x_wconf 67' lang='lat' dir='ltr'><strong>poples.</strong></span> <span class='ocrx_word' id='word_1_84' title='bbox 242 1454 287 1470; x_wconf 93' lang='lat'><em>-</em></span> <span class='ocrx_word' id='word_1_85' title='bbox 340 1454 390 1470; x_wconf 92' lang='lat'>-</span> <span class='ocrx_word' id='word_1_86' title='bbox 438 1440 492 1470; x_wconf 92' lang='lat'><strong>-·</strong></span> <span class='ocrx_word' id='word_1_87' title='bbox 537 1411 686 1491; x_wconf 86' lang='lat' dir='ltr'><strong>Interim</strong></span> <span class='ocrx_word' id='word_1_88' title='bbox 710 1413 798 1489; x_wconf 90' lang='lat' dir='ltr'><strong>dum</strong></span> <span class='ocrx_word' id='word_1_89' title='bbox 824 1412 965 1490; x_wconf 88' lang='lat' dir='ltr'><strong>versus:</strong></span> <span class='ocrx_word' id='word_1_90' title='bbox 1013 1413 1129 1510; x_wconf 84' lang='lat' dir='ltr'><strong>Popub</strong></span> <span class='ocrx_word' id='word_1_91' title='bbox 1152 1435 1236 1488; x_wconf 83' lang='lat' dir='ltr'><strong>uuus</strong></span> <span class='ocrx_word' id='word_1_92' title='bbox 1265 1410 1526 1494; x_wconf 68' lang='lat' dir='ltr'><strong>cantabantur,</strong></span> <span class='ocrx_word' id='word_1_93' title='bbox 1550 1415 1711 1506; x_wconf 78' lang='lat' dir='ltr'><strong>paramen-</strong></span> 
     </span>
     <span class='ocr_line' id='line_1_10' title="bbox 85 1528 1710 1631; baseline -0.001 -24"><span class='ocrx_word' id='word_1_94' title='bbox 85 1543 151 1607; x_wconf 81' lang='lat' dir='ltr'><strong>tum</strong></span> <span class='ocrx_word' id='word_1_95' title='bbox 175 1531 215 1607; x_wconf 88' lang='lat' dir='ltr'><strong>ln</strong></span> <span class='ocrx_word' id='word_1_96' title='bbox 247 1533 357 1611; x_wconf 87' lang='lat' dir='ltr'><strong>choro</strong></span> <span class='ocrx_word' id='word_1_97' title='bbox 388 1535 541 1630; x_wconf 73' lang='lat' dir='ltr'><em>tapetibus</em></span> <span class='ocrx_word' id='word_1_98' title='bbox 569 1531 887 1619; x_wconf 77' lang='lat' dir='ltr'><strong>,consternabatur‚</strong></span> <span class='ocrx_word' id='word_1_99' title='bbox 926 1531 1029 1631; x_wconf 90' lang='lat' dir='ltr'><strong>super</strong></span> <span class='ocrx_word' id='word_1_100' title='bbox 1055 1553 1146 1631; x_wconf 91' lang='lat' dir='ltr'><strong>quas</strong></span> <span class='ocrx_word' id='word_1_101' title='bbox 1177 1552 1265 1607; x_wconf 88' lang='lat' dir='ltr'><strong>mox</strong></span> <span class='ocrx_word' id='word_1_102' title='bbox 1293 1539 1335 1607; x_wconf 86' lang='lat' dir='ltr'><strong>vt</strong></span> <span class='ocrx_word' id='word_1_103' title='bbox 1362 1552 1451 1606; x_wconf 84' lang='lat' dir='ltr'><strong>crux</strong></span> <span class='ocrx_word' id='word_1_104' title='bbox 1486 1528 1710 1614; x_wconf 85' lang='lat' dir='ltr'><strong>denudatur,</strong></span> 
     </span>
     <span class='ocr_line' id='line_1_11' title="bbox 84 1638 1713 1750; baseline 0.001 -24"><span class='ocrx_word' id='word_1_105' title='bbox 84 1638 242 1750; x_wconf 80' lang='lat' dir='ltr'><strong>primarii</strong></span> <span class='ocrx_word' id='word_1_106' title='bbox 269 1653 426 1728; x_wconf 86' lang='lat' dir='ltr'><strong>domnus</strong></span> <span class='ocrx_word' id='word_1_107' title='bbox 449 1651 578 1738; x_wconf 85' lang='lat' dir='ltr'><strong>abbas,</strong></span> <span class='ocrx_word' id='word_1_108' title='bbox 604 1652 742 1728; x_wconf 88' lang='lat' dir='ltr'><strong>deinde</strong></span> <span class='ocrx_word' id='word_1_109' title='bbox 765 1651 947 1738; x_wconf 84' lang='lat' dir='ltr'><strong>sacerdos,</strong></span> <span class='ocrx_word' id='word_1_110' title='bbox 989 1651 1172 1750; x_wconf 86' lang='lat' dir='ltr'><strong>ceterique</strong></span> <span class='ocrx_word' id='word_1_111' title='bbox 1194 1653 1342 1734; x_wconf 71' lang='lat' dir='ltr'><strong>mabar,</strong></span> <span class='ocrx_word' id='word_1_112' title='bbox 1385 1647 1445 1724; x_wconf 88' lang='lat' dir='ltr'><strong>sed</strong></span> <span class='ocrx_word' id='word_1_113' title='bbox 1464 1649 1713 1748; x_wconf 76' lang='lat' dir='ltr'><strong>uuusquisque</strong></span> 
     </span>
     <span class='ocr_line' id='line_1_12' title="bbox 84 1767 1712 1868; baseline -0.001 -21"><span class='ocrx_word' id='word_1_114' title='bbox 84 1783 124 1847; x_wconf 83' lang='lat' dir='ltr'><strong>vt</strong></span> <span class='ocrx_word' id='word_1_115' title='bbox 152 1769 236 1846; x_wconf 92' lang='lat' dir='ltr'><strong>sunt</strong></span> <span class='ocrx_word' id='word_1_116' title='bbox 257 1779 291 1845; x_wconf 82' lang='lat' dir='ltr'><strong>r‘a</strong></span> <span class='ocrx_word' id='word_1_117' title='bbox 302 1774 394 1867; x_wconf 80' lang='lat' dir='ltr'><strong>ferro</strong></span> <span class='ocrx_word' id='word_1_118' title='bbox 416 1773 520 1846; x_wconf 76' lang='lat' dir='ltr'><strong>ordine</strong></span> <span class='ocrx_word' id='word_1_119' title='bbox 542 1777 695 1858; x_wconf 75' lang='lat' dir='ltr'><strong>mummi,</strong></span> <span class='ocrx_word' id='word_1_120' title='bbox 717 1770 790 1868; x_wconf 91' lang='lat' dir='ltr'><strong>post</strong></span> <span class='ocrx_word' id='word_1_121' title='bbox 811 1770 881 1846; x_wconf 91' lang='lat' dir='ltr'><strong>hos</strong></span> <span class='ocrx_word' id='word_1_122' title='bbox 905 1771 1027 1846; x_wconf 89' lang='lat' dir='ltr'><strong>omnis</strong></span> <span class='ocrx_word' id='word_1_123' title='bbox 1057 1781 1279 1852; x_wconf 85' lang='lat' dir='ltr'><strong>conuentus,</strong></span> <span class='ocrx_word' id='word_1_124' title='bbox 1304 1768 1350 1844; x_wconf 91' lang='lat' dir='ltr'><strong>ad</strong></span> <span class='ocrx_word' id='word_1_125' title='bbox 1375 1767 1543 1845; x_wconf 90' lang='lat' dir='ltr'><strong>vltimum</strong></span> <span class='ocrx_word' id='word_1_126' title='bbox 1568 1791 1712 1868; x_wconf 89' lang='lat' dir='ltr'><strong>quoque</strong></span> 
     </span>
     <span class='ocr_line' id='line_1_13' title="bbox 74 1877 1714 1990; baseline 0 -25"><span class='ocrx_word' id='word_1_127' title='bbox 74 1877 244 1976; x_wconf 63' lang='lat' dir='ltr'><strong>&#39;infinuL</strong></span> <span class='ocrx_word' id='word_1_128' title='bbox 273 1888 434 1986; x_wconf 81' lang='lat' dir='ltr'><strong>-quilibet</strong></span> <span class='ocrx_word' id='word_1_129' title='bbox 462 1894 565 1965; x_wconf 70' lang='lat' dir='ltr'><strong>imbus</strong></span> <span class='ocrx_word' id='word_1_130' title='bbox 592 1894 711 1966; x_wconf 73' lang='lat' dir='ltr'><strong>obibus</strong></span> <span class='ocrx_word' id='word_1_131' title='bbox 734 1893 771 1990; x_wconf 85' lang='lat' dir='ltr'><strong>se</strong></span> <span class='ocrx_word' id='word_1_132' title='bbox 794 1892 1013 1988; x_wconf 75' lang='lat' dir='ltr'><strong>prosimurrtes</strong></span> <span class='ocrx_word' id='word_1_133' title='bbox 1037 1891 1222 1987; x_wconf 79' lang='lat' dir='ltr'><strong>aliquamdiu</strong></span> <span class='ocrx_word' id='word_1_134' title='bbox 1234 1893 1359 1985; x_wconf 80' lang='lat' dir='ltr'><strong>jurent,</strong></span> <span class='ocrx_word' id='word_1_135' title='bbox 1402 1891 1440 1967; x_wconf 73' lang='lat' dir='ltr'><strong>se</strong></span> <span class='ocrx_word' id='word_1_136' title='bbox 1466 1886 1544 1988; x_wconf 83' lang='lat' dir='ltr'><strong>post</strong></span> <span class='ocrx_word' id='word_1_137' title='bbox 1567 1887 1637 1965; x_wconf 88' lang='lat' dir='ltr'><strong>hec</strong></span> <span class='ocrx_word' id='word_1_138' title='bbox 1664 1887 1714 1965; x_wconf 89' lang='lat' dir='ltr'><strong>ad</strong></span> 
     </span>
     <span class='ocr_line' id='line_1_14' title="bbox 24 2007 1712 2107; baseline 0.005 -28"><span class='ocrx_word' id='word_1_139' title='bbox 24 2075 30 2079; x_wconf 82' lang='lat'>.</span> <span class='ocrx_word' id='word_1_140' title='bbox 86 2007 198 2107; x_wconf 85' lang='lat' dir='ltr'><strong>ipsam</strong></span> <span class='ocrx_word' id='word_1_141' title='bbox 221 2031 366 2086; x_wconf 89' lang='lat' dir='ltr'><strong>crucem</strong></span> <span class='ocrx_word' id='word_1_142' title='bbox 389 2009 644 2106; x_wconf 89' lang='lat' dir='ltr'><strong>peruenientes</strong></span> <span class='ocrx_word' id='word_1_143' title='bbox 676 2009 724 2084; x_wconf 88' lang='lat' dir='ltr'><strong>de</strong></span> <span class='ocrx_word' id='word_1_144' title='bbox 754 2016 886 2105; x_wconf 78' lang='lat' dir='ltr'><strong>imagine</strong></span> <span class='ocrx_word' id='word_1_145' title='bbox 916 2008 1056 2105; x_wconf 69' lang='lat' dir='ltr'><strong>aurifici</strong></span> <span class='ocrx_word' id='word_1_146' title='bbox 1080 2029 1192 2083; x_wconf 78' lang='lat' dir='ltr'><strong>ecura</strong></span> <span class='ocrx_word' id='word_1_147' title='bbox 1215 2028 1378 2083; x_wconf 78' lang='lat' dir='ltr'><strong>raurvu</strong></span> <span class='ocrx_word' id='word_1_148' title='bbox 1402 2010 1619 2104; x_wconf 75' lang='lat' dir='ltr'><strong>deosednrtur.</strong></span> <span class='ocrx_word' id='word_1_149' title='bbox 1669 2008 1712 2087; x_wconf 87' lang='lat' dir='ltr'><strong>Iu</strong></span> 
     </span>
     <span class='ocr_line' id='line_1_15' title="bbox 87 2126 1711 2228; baseline 0.001 -22"><span class='ocrx_word' id='word_1_150' title='bbox 87 2129 161 2228; x_wconf 83' lang='lat' dir='ltr'><strong>ipsa</strong></span> <span class='ocrx_word' id='word_1_151' title='bbox 182 2142 308 2206; x_wconf 89' lang='lat' dir='ltr'><strong>autem</strong></span> <span class='ocrx_word' id='word_1_152' title='bbox 329 2130 515 2226; x_wconf 73' lang='lat' dir='ltr'><strong>[uuerbe</strong></span> <span class='ocrx_word' id='word_1_153' title='bbox 538 2126 785 2227; x_wconf 72' lang='lat' dir='ltr'><strong>enusquisque</strong></span> <span class='ocrx_word' id='word_1_154' title='bbox 805 2129 894 2215; x_wconf 91' lang='lat' dir='ltr'><strong>hac,</strong></span> <span class='ocrx_word' id='word_1_155' title='bbox 942 2151 1032 2226; x_wconf 81' lang='lat' dir='ltr'><strong>quern</strong></span> <span class='ocrx_word' id='word_1_156' title='bbox 1054 2128 1117 2222; x_wconf 80' lang='lat' dir='ltr'><strong>subi</strong></span> <span class='ocrx_word' id='word_1_157' title='bbox 1144 2129 1222 2225; x_wconf 12' lang='lat' dir='ltr'><strong>seur.</strong></span> <span class='ocrx_word' id='word_1_158' title='bbox 1253 2130 1410 2205; x_wconf 77' lang='lat' dir='ltr'><strong>domuerit</strong></span> <span class='ocrx_word' id='word_1_159' title='bbox 1437 2135 1543 2204; x_wconf 82' lang='lat' dir='ltr'><strong>utitur</strong></span> <span class='ocrx_word' id='word_1_160' title='bbox 1566 2138 1711 2207; x_wconf 74' lang='lat' dir='ltr'><strong>modom.</strong></span> 
     </span>
    </p>
   </div>
   <div class='ocr_carea' id='block_1_4' title="bbox 87 2246 1911 2349">
    <p class='ocr_par' dir='ltr' id='par_1_4' title="bbox 87 2246 1911 2349">
     <span class='ocr_line' id='line_1_16' title="bbox 87 2246 1911 2349; baseline -0.005 -22"><span class='ocrx_word' id='word_1_161' title='bbox 87 2247 142 2326; x_wconf 86' lang='lat' dir='ltr'><strong>De</strong></span> <span class='ocrx_word' id='word_1_162' title='bbox 165 2271 240 2348; x_wconf 87' lang='lat' dir='ltr'><strong>qua</strong></span> <span class='ocrx_word' id='word_1_163' title='bbox 265 2249 328 2349; x_wconf 93' lang='lat' dir='ltr'><strong>qui</strong></span> <span class='ocrx_word' id='word_1_164' title='bbox 356 2248 430 2324; x_wconf 86' lang='lat' dir='ltr'><strong>duo</strong></span> <span class='ocrx_word' id='word_1_165' title='bbox 463 2247 621 2346; x_wconf 90' lang='lat' dir='ltr'><strong>primum</strong></span> <span class='ocrx_word' id='word_1_166' title='bbox 648 2246 725 2344; x_wconf 85' lang='lat' dir='ltr'><strong>post</strong></span> <span class='ocrx_word' id='word_1_167' title='bbox 761 2246 982 2326; x_wconf 86' lang='lat' dir='ltr'><strong>sacerdotem</strong></span> <span class='ocrx_word' id='word_1_168' title='bbox 1014 2246 1216 2324; x_wconf 89' lang='lat' dir='ltr'><strong>recesserint</strong></span> <span class='ocrx_word' id='word_1_169' title='bbox 1238 2270 1320 2332; x_wconf 90' lang='lat' dir='ltr'><strong>eos,</strong></span> <span class='ocrx_word' id='word_1_170' title='bbox 1362 2255 1415 2345; x_wconf 80' lang='lat' dir='ltr'><strong>qur·</strong></span> <span class='ocrx_word' id='word_1_171' title='bbox 1448 2272 1564 2322; x_wconf 72' lang='lat' dir='ltr'><strong>mmm</strong></span> <span class='ocrx_word' id='word_1_172' title='bbox 1592 2261 1710 2334; x_wconf 80' lang='lat' dir='ltr'><strong>tremi,</strong></span> <span class='ocrx_word' id='word_1_173' title='bbox 1802 2331 1804 2335; x_wconf 63' lang='lat'><strong>,</strong></span> <span class='ocrx_word' id='word_1_174' title='bbox 1908 2293 1911 2296; x_wconf 61' lang='grc'>«</span> 
     </span>
    </p>
   </div>
   <div class='ocr_carea' id='block_1_5' title="bbox 82 2365 1745 3184">
    <p class='ocr_par' dir='ltr' id='par_1_5' title="bbox 82 2365 1745 3184">
     <span class='ocr_line' id='line_1_17' title="bbox 90 2365 1712 2469; baseline 0.002 -25"><span class='ocrx_word' id='word_1_175' title='bbox 90 2367 309 2469; x_wconf 85' lang='lat' dir='ltr'><strong>expediunt,</strong></span> <span class='ocrx_word' id='word_1_176' title='bbox 331 2367 450 2445; x_wconf 89' lang='lat' dir='ltr'><strong>donec</strong></span> <span class='ocrx_word' id='word_1_177' title='bbox 476 2369 513 2444; x_wconf 83' lang='lat' dir='ltr'><strong>dr</strong></span> <span class='ocrx_word' id='word_1_178' title='bbox 542 2365 605 2464; x_wconf 83' lang='lat' dir='ltr'><strong>ipsi</strong></span> <span class='ocrx_word' id='word_1_179' title='bbox 630 2389 696 2442; x_wconf 85' lang='lat' dir='ltr'><strong>eom</strong></span> <span class='ocrx_word' id='word_1_180' title='bbox 720 2369 880 2444; x_wconf 72' lang='lat' dir='ltr'><strong>mucium</strong></span> <span class='ocrx_word' id='word_1_181' title='bbox 903 2367 1092 2468; x_wconf 87' lang='lat' dir='ltr'><strong>recipiunt.</strong></span> <span class='ocrx_word' id='word_1_182' title='bbox 1142 2366 1320 2443; x_wconf 84' lang='lat' dir='ltr'><strong>Sacerdos</strong></span> <span class='ocrx_word' id='word_1_183' title='bbox 1349 2367 1534 2464; x_wconf 86' lang='lat' dir='ltr'><strong>postquam</strong></span> <span class='ocrx_word' id='word_1_184' title='bbox 1565 2391 1712 2448; x_wconf 88' lang='lat' dir='ltr'><strong>crucem</strong></span> 
     </span>
     <span class='ocr_line' id='line_1_18' title="bbox 89 2484 1745 2575; baseline 0.003 -12"><span class='ocrx_word' id='word_1_185' title='bbox 89 2486 310 2575; x_wconf 84' lang='lat' dir='ltr'><strong>salutauerit,</strong></span> <span class='ocrx_word' id='word_1_186' title='bbox 352 2487 392 2562; x_wconf 90' lang='lat' dir='ltr'><strong>in</strong></span> <span class='ocrx_word' id='word_1_187' title='bbox 420 2484 625 2564; x_wconf 85' lang='lat' dir='ltr'><strong>vestiarium</strong></span> <span class='ocrx_word' id='word_1_188' title='bbox 656 2487 769 2570; x_wconf 84' lang='lat' dir='ltr'><strong>redit.</strong></span> <span class='ocrx_word' id='word_1_189' title='bbox 813 2486 983 2565; x_wconf 85' lang='lat' dir='ltr'><strong>ministris</strong></span> <span class='ocrx_word' id='word_1_190' title='bbox 1010 2488 1048 2562; x_wconf 89' lang='lat' dir='ltr'><strong>in</strong></span> <span class='ocrx_word' id='word_1_191' title='bbox 1077 2486 1189 2563; x_wconf 89' lang='lat' dir='ltr'><strong>choro</strong></span> <span class='ocrx_word' id='word_1_192' title='bbox 1219 2485 1503 2562; x_wconf 86' lang='lat' dir='ltr'><strong>remanentibus.</strong></span> <span class='ocrx_word' id='word_1_193' title='bbox 1564 2490 1745 2569; x_wconf 70' lang='lat' dir='ltr'><strong>Peraiia‘</strong></span> 
     </span>
     <span class='ocr_line' id='line_1_19' title="bbox 90 2602 1712 2706; baseline -0.002 -23"><span class='ocrx_word' id='word_1_194' title='bbox 90 2606 305 2684; x_wconf 79' lang='lat' dir='ltr'><strong>salutacione</strong></span> <span class='ocrx_word' id='word_1_195' title='bbox 328 2607 474 2706; x_wconf 89' lang='lat' dir='ltr'><strong>quando</strong></span> <span class='ocrx_word' id='word_1_196' title='bbox 497 2631 575 2682; x_wconf 79' lang='lat' dir='ltr'><strong>erue</strong></span> <span class='ocrx_word' id='word_1_197' title='bbox 599 2617 688 2681; x_wconf 82' lang='lat' dir='ltr'><strong>exire</strong></span> <span class='ocrx_word' id='word_1_198' title='bbox 709 2602 840 2683; x_wconf 80' lang='lat' dir='ltr'><strong>eborum</strong></span> <span class='ocrx_word' id='word_1_199' title='bbox 855 2610 1008 2705; x_wconf 77' lang='lat' dir='ltr'><strong>putoria</strong></span> <span class='ocrx_word' id='word_1_200' title='bbox 1019 2607 1215 2703; x_wconf 74' lang='lat' dir='ltr'><strong>sutollitur.</strong></span> <span class='ocrx_word' id='word_1_201' title='bbox 1242 2613 1499 2704; x_wconf 87' lang='lat' dir='ltr'><strong>aprecentore.</strong></span> <span class='ocrx_word' id='word_1_202' title='bbox 1549 2648 1599 2667; x_wconf 91' lang='lat'><strong>·-</strong></span> <span class='ocrx_word' id='word_1_203' title='bbox 1650 2611 1712 2686; x_wconf 89' lang='lat' dir='ltr'><strong>Su·</strong></span> 
     </span>
     <span class='ocr_line' id='line_1_20' title="bbox 88 2724 1712 2826; baseline 0.002 -24"><span class='ocrx_word' id='word_1_204' title='bbox 88 2743 139 2826; x_wconf 79' lang='lat' dir='ltr'><strong>per</strong></span> <span class='ocrx_word' id='word_1_205' title='bbox 173 2734 277 2802; x_wconf 74' lang='lat' dir='ltr'><strong>mua</strong></span> <span class='ocrx_word' id='word_1_206' title='bbox 300 2725 516 2824; x_wconf 83' lang='lat' dir='ltr'><strong>imponitur,</strong></span> <span class='ocrx_word' id='word_1_207' title='bbox 556 2728 593 2802; x_wconf 82' lang='lat' dir='ltr'><strong>dr</strong></span> <span class='ocrx_word' id='word_1_208' title='bbox 626 2724 758 2802; x_wconf 88' lang='lat' dir='ltr'><strong>iterum</strong></span> <span class='ocrx_word' id='word_1_209' title='bbox 790 2735 880 2801; x_wconf 82' lang='lat' dir='ltr'><strong>omia</strong></span> <span class='ocrx_word' id='word_1_210' title='bbox 907 2730 945 2800; x_wconf 84' lang='lat' dir='ltr'><strong>ab</strong></span> <span class='ocrx_word' id='word_1_211' title='bbox 974 2729 1116 2802; x_wconf 82' lang='lat' dir='ltr'><strong>erunibus</strong></span> <span class='ocrx_word' id='word_1_212' title='bbox 1147 2734 1273 2824; x_wconf 68' lang='lat' dir='ltr'><strong>matur.</strong></span> <span class='ocrx_word' id='word_1_213' title='bbox 1339 2727 1557 2802; x_wconf 86' lang='lat' dir='ltr'><strong>Sacerdotes</strong></span> <span class='ocrx_word' id='word_1_214' title='bbox 1586 2742 1712 2808; x_wconf 88' lang='lat' dir='ltr'><strong>autem</strong></span> 
     </span>
     <span class='ocr_line' id='line_1_21' title="bbox 92 2845 1711 2948; baseline 0.001 -26"><span class='ocrx_word' id='word_1_215' title='bbox 92 2852 127 2922; x_wconf 82' lang='lat' dir='ltr'><strong>ed</strong></span> <span class='ocrx_word' id='word_1_216' title='bbox 151 2853 251 2923; x_wconf 74' lang='lat' dir='ltr'><strong>adme</strong></span> <span class='ocrx_word' id='word_1_217' title='bbox 269 2856 371 2922; x_wconf 66' lang='lat' dir='ltr'><strong>eruis</strong></span> <span class='ocrx_word' id='word_1_218' title='bbox 390 2869 479 2923; x_wconf 88' lang='lat' dir='ltr'><strong>eam</strong></span> <span class='ocrx_word' id='word_1_219' title='bbox 501 2857 679 2948; x_wconf 86' lang='lat' dir='ltr'><strong>ponentes</strong></span> <span class='ocrx_word' id='word_1_220' title='bbox 706 2845 745 2921; x_wconf 89' lang='lat' dir='ltr'><strong>in</strong></span> <span class='ocrx_word' id='word_1_221' title='bbox 775 2845 980 2925; x_wconf 64' lang='lat' dir='ltr'><strong>vestarium</strong></span> <span class='ocrx_word' id='word_1_222' title='bbox 1004 2847 1175 2933; x_wconf 84' lang='lat' dir='ltr'><strong>veniunt,</strong></span> <span class='ocrx_word' id='word_1_223' title='bbox 1210 2845 1415 2943; x_wconf 81' lang='lat' dir='ltr'><strong>casulasque</strong></span> <span class='ocrx_word' id='word_1_224' title='bbox 1445 2845 1642 2923; x_wconf 83' lang='lat' dir='ltr'><strong>induentes</strong></span> <span class='ocrx_word' id='word_1_225' title='bbox 1651 2850 1711 2945; x_wconf 85' lang='lat' dir='ltr'><strong>su·</strong></span> 
     </span>
     <span class='ocr_line' id='line_1_22' title="bbox 90 2955 1712 3068; baseline 0.004 -28"><span class='ocrx_word' id='word_1_226' title='bbox 90 2984 139 3064; x_wconf 81' lang='lat' dir='ltr'><strong>per</strong></span> <span class='ocrx_word' id='word_1_227' title='bbox 164 2961 290 3049; x_wconf 74' lang='lat' dir='ltr'><strong>brechia</strong></span> <span class='ocrx_word' id='word_1_228' title='bbox 317 2977 355 3040; x_wconf 86' lang='lat' dir='ltr'><strong>ut</strong></span> <span class='ocrx_word' id='word_1_229' title='bbox 377 2972 475 3040; x_wconf 72' lang='lat' dir='ltr'><strong>norb</strong></span> <span class='ocrx_word' id='word_1_230' title='bbox 499 2967 611 3068; x_wconf 56' lang='lat' dir='ltr'><strong>aflues</strong></span> <span class='ocrx_word' id='word_1_231' title='bbox 645 2972 743 3042; x_wconf 79' lang='lat' dir='ltr'><strong>olima</strong></span> <span class='ocrx_word' id='word_1_232' title='bbox 780 2969 915 3041; x_wconf 76' lang='lat' dir='ltr'><strong>araeden</strong></span> <span class='ocrx_word' id='word_1_233' title='bbox 945 2990 998 3042; x_wconf 86' lang='lat' dir='ltr'><strong>eas</strong></span> <span class='ocrx_word' id='word_1_234' title='bbox 1030 2978 1223 3065; x_wconf 67' lang='lat' dir='ltr'><strong>cauponem,</strong></span> <span class='ocrx_word' id='word_1_235' title='bbox 1262 2969 1300 3046; x_wconf 81' lang='lat' dir='ltr'><strong>dc</strong></span> <span class='ocrx_word' id='word_1_236' title='bbox 1328 2964 1419 3042; x_wconf 86' lang='lat' dir='ltr'><strong>alter</strong></span> <span class='ocrx_word' id='word_1_237' title='bbox 1441 2989 1568 3045; x_wconf 84' lang='lat' dir='ltr'><strong>eorum</strong></span> <span class='ocrx_word' id='word_1_238' title='bbox 1592 2955 1712 3046; x_wconf 66' lang='lat' dir='ltr'><strong>calum</strong></span> 
     </span>
     <span class='ocr_line' id='line_1_23' title="bbox 82 3084 1195 3184; baseline -0.003 -18"><span class='ocrx_word' id='word_1_239' title='bbox 82 3106 156 3165; x_wconf 66' lang='lat' dir='ltr'><strong>ura</strong></span> <span class='ocrx_word' id='word_1_240' title='bbox 175 3109 258 3184; x_wconf 79' lang='lat' dir='ltr'><strong>aqua</strong></span> <span class='ocrx_word' id='word_1_241' title='bbox 277 3085 317 3165; x_wconf 78' lang='lat' dir='ltr'><strong>dc</strong></span> <span class='ocrx_word' id='word_1_242' title='bbox 342 3084 429 3166; x_wconf 85' lang='lat' dir='ltr'><strong>vino</strong></span> <span class='ocrx_word' id='word_1_243' title='bbox 450 3109 510 3160; x_wconf 85' lang='lat' dir='ltr'><strong>nou</strong></span> <span class='ocrx_word' id='word_1_244' title='bbox 531 3087 698 3183; x_wconf 83' lang='lat' dir='ltr'><strong>cmsecruio</strong></span> <span class='ocrx_word' id='word_1_245' title='bbox 721 3110 743 3161; x_wconf 94' lang='lat' dir='ltr'><strong>a</strong></span> <span class='ocrx_word' id='word_1_246' title='bbox 765 3085 902 3162; x_wconf 86' lang='lat' dir='ltr'><strong>sacrista</strong></span> <span class='ocrx_word' id='word_1_247' title='bbox 928 3084 1070 3184; x_wconf 84' lang='lat' dir='ltr'><strong>accipit.</strong></span> <span class='ocrx_word' id='word_1_248' title='bbox 1192 3095 1195 3106; x_wconf 82' lang='grc'><em>“</em></span> 
     </span>
    </p>
   </div>
   <div class='ocr_carea' id='block_1_6' title="bbox 88 3277 1713 3860">
    <p class='ocr_par' dir='ltr' id='par_1_6' title="bbox 88 3277 1713 3860">
     <span class='ocr_line' id='line_1_24' title="bbox 180 3277 1713 3376; baseline 0.006 -19"><span class='ocrx_word' id='word_1_249' title='bbox 180 3278 386 3368; x_wconf 79' lang='lat' dir='ltr'><strong>Quibus&amp;</strong></span> <span class='ocrx_word' id='word_1_250' title='bbox 419 3277 481 3355; x_wconf 85' lang='lat' dir='ltr'><strong>alii</strong></span> <span class='ocrx_word' id='word_1_251' title='bbox 512 3289 597 3370; x_wconf 81' lang='lat' dir='ltr'><strong>tres¹</strong></span> <span class='ocrx_word' id='word_1_252' title='bbox 622 3277 790 3376; x_wconf 86' lang='lat' dir='ltr'><strong>ejusdem</strong></span> <span class='ocrx_word' id='word_1_253' title='bbox 818 3277 957 3355; x_wconf 87' lang='lat' dir='ltr'><strong>ordinis</strong></span> <span class='ocrx_word' id='word_1_254' title='bbox 985 3281 1031 3355; x_wconf 91' lang='lat' dir='ltr'><strong>ab</strong></span> <span class='ocrx_word' id='word_1_255' title='bbox 1054 3286 1190 3356; x_wconf 77' lang='lat' dir='ltr'><strong>ammio</strong></span> <span class='ocrx_word' id='word_1_256' title='bbox 1211 3278 1371 3357; x_wconf 83' lang='lat' dir='ltr'><strong>accersiti</strong></span> <span class='ocrx_word' id='word_1_257' title='bbox 1394 3285 1472 3359; x_wconf 84' lang='lat' dir='ltr'><strong>olbis</strong></span> <span class='ocrx_word' id='word_1_258' title='bbox 1503 3291 1646 3362; x_wconf 90' lang='lat' dir='ltr'><strong>tantum</strong></span> <span class='ocrx_word' id='word_1_259' title='bbox 1673 3286 1713 3366; x_wconf 84' lang='lat' dir='ltr'><strong>dr</strong></span> 
     </span>
     <span class='ocr_line' id='line_1_25' title="bbox 88 3396 1710 3500; baseline 0.004 -23"><span class='ocrx_word' id='word_1_260' title='bbox 88 3399 249 3495; x_wconf 70' lang='lat' dir='ltr'><strong>smerdius</strong></span> <span class='ocrx_word' id='word_1_261' title='bbox 273 3397 407 3485; x_wconf 84' lang='lat' dir='ltr'><strong>vestiti,</strong></span> <span class='ocrx_word' id='word_1_262' title='bbox 429 3421 515 3477; x_wconf 79' lang='lat' dir='ltr'><strong>sum</strong></span> <span class='ocrx_word' id='word_1_263' title='bbox 543 3397 768 3500; x_wconf 84' lang='lat' dir='ltr'><strong>candelabris</strong></span> <span class='ocrx_word' id='word_1_264' title='bbox 795 3399 833 3477; x_wconf 80' lang='lat' dir='ltr'><strong>dc</strong></span> <span class='ocrx_word' id='word_1_265' title='bbox 865 3400 1055 3477; x_wconf 88' lang='lat' dir='ltr'><strong>thuribulis</strong></span> <span class='ocrx_word' id='word_1_266' title='bbox 1077 3399 1210 3485; x_wconf 85' lang='lat' dir='ltr'><strong>assunt,</strong></span> <span class='ocrx_word' id='word_1_267' title='bbox 1244 3403 1284 3478; x_wconf 81' lang='lat' dir='ltr'><strong>dr</strong></span> <span class='ocrx_word' id='word_1_268' title='bbox 1308 3396 1342 3476; x_wconf 80' lang='lat' dir='ltr'><strong>bi</strong></span> <span class='ocrx_word' id='word_1_269' title='bbox 1361 3403 1478 3500; x_wconf 67' lang='lat' dir='ltr'><strong>semem</strong></span> <span class='ocrx_word' id='word_1_270' title='bbox 1503 3403 1575 3480; x_wconf 91' lang='lat' dir='ltr'><strong>hoc</strong></span> <span class='ocrx_word' id='word_1_271' title='bbox 1598 3408 1710 3484; x_wconf 89' lang='lat' dir='ltr'><strong>modo</strong></span> 
     </span>
     <span class='ocr_line' id='line_1_26' title="bbox 95 3517 1712 3622; baseline 0.004 -25"><span class='ocrx_word' id='word_1_272' title='bbox 95 3522 137 3597; x_wconf 83' lang='lat' dir='ltr'><strong>ad</strong></span> <span class='ocrx_word' id='word_1_273' title='bbox 159 3519 273 3597; x_wconf 89' lang='lat' dir='ltr'><strong>altare</strong></span> <span class='ocrx_word' id='word_1_274' title='bbox 298 3517 369 3595; x_wconf 86' lang='lat' dir='ltr'><strong>vbi</strong></span> <span class='ocrx_word' id='word_1_275' title='bbox 387 3535 494 3616; x_wconf 83' lang='lat' dir='ltr'><strong>eorpus</strong></span> <span class='ocrx_word' id='word_1_276' title='bbox 521 3520 635 3594; x_wconf 82' lang='lat' dir='ltr'><strong>domiui</strong></span> <span class='ocrx_word' id='word_1_277' title='bbox 657 3518 886 3596; x_wconf 88' lang='lat' dir='ltr'><strong>reconditum</strong></span> <span class='ocrx_word' id='word_1_278' title='bbox 916 3519 967 3597; x_wconf 88' lang='lat' dir='ltr'><strong>est</strong></span> <span class='ocrx_word' id='word_1_279' title='bbox 996 3521 1205 3620; x_wconf 77' lang='lat' dir='ltr'><strong>procedunt</strong></span> <span class='ocrx_word' id='word_1_280' title='bbox 1269 3518 1414 3598; x_wconf 86' lang='lat' dir='ltr'><strong>Primus</strong></span> <span class='ocrx_word' id='word_1_281' title='bbox 1444 3521 1507 3622; x_wconf 90' lang='lat' dir='ltr'><strong>qui</strong></span> <span class='ocrx_word' id='word_1_282' title='bbox 1530 3521 1600 3602; x_wconf 89' lang='lat' dir='ltr'><strong>sert</strong></span> <span class='ocrx_word' id='word_1_283' title='bbox 1627 3529 1712 3603; x_wconf 87' lang='lat' dir='ltr'><strong>thu·</strong></span> 
     </span>
     <span class='ocr_line' id='line_1_27' title="bbox 94 3635 1710 3739; baseline 0.005 -22"><span class='ocrx_word' id='word_1_284' title='bbox 94 3640 265 3728; x_wconf 85' lang='lat' dir='ltr'><strong>ribulum,</strong></span> <span class='ocrx_word' id='word_1_285' title='bbox 298 3635 432 3715; x_wconf 88' lang='lat' dir='ltr'><strong>deinde</strong></span> <span class='ocrx_word' id='word_1_286' title='bbox 458 3638 743 3739; x_wconf 79' lang='lat' dir='ltr'><strong>combinatiqui</strong></span> <span class='ocrx_word' id='word_1_287' title='bbox 770 3639 1006 3715; x_wconf 78' lang='lat' dir='ltr'><strong>candelabra:</strong></span> <span class='ocrx_word' id='word_1_288' title='bbox 1047 3639 1167 3737; x_wconf 87' lang='lat' dir='ltr'><strong>postea</strong></span> <span class='ocrx_word' id='word_1_289' title='bbox 1181 3638 1241 3715; x_wconf 77' lang='lat' dir='ltr'><strong>illi</strong></span> <span class='ocrx_word' id='word_1_290' title='bbox 1265 3639 1338 3718; x_wconf 87' lang='lat' dir='ltr'><strong>duo</strong></span> <span class='ocrx_word' id='word_1_291' title='bbox 1363 3641 1588 3735; x_wconf 81' lang='lat' dir='ltr'><strong>sacerdotes,</strong></span> <span class='ocrx_word' id='word_1_292' title='bbox 1627 3647 1710 3727; x_wconf 85' lang='lat' dir='ltr'><strong>vlti-</strong></span> 
     </span>
     <span class='ocr_line' id='line_1_28' title="bbox 95 3749 1228 3860; baseline 0.001 -23"><span class='ocrx_word' id='word_1_293' title='bbox 95 3782 175 3838; x_wconf 85' lang='lat' dir='ltr'><strong>mus</strong></span> <span class='ocrx_word' id='word_1_294' title='bbox 196 3758 360 3837; x_wconf 81' lang='lat' dir='ltr'><strong>sacerdos</strong></span> <span class='ocrx_word' id='word_1_295' title='bbox 383 3757 681 3846; x_wconf 85' lang='lat' dir='ltr'><strong>ebdomadarius,</strong></span> <span class='ocrx_word' id='word_1_296' title='bbox 708 3782 820 3858; x_wconf 90' lang='lat' dir='ltr'><strong>quem</strong></span> <span class='ocrx_word' id='word_1_297' title='bbox 843 3759 1001 3860; x_wconf 90' lang='lat' dir='ltr'><strong>sequitur</strong></span> <span class='ocrx_word' id='word_1_298' title='bbox 1022 3769 1191 3838; x_wconf 77' lang='lat' dir='ltr'><strong>ranerius.</strong></span> <span class='ocrx_word' id='word_1_299' title='bbox 1226 3749 1228 3753; x_wconf 5' lang='grc' dir='ltr'>η</span> 
     </span>
    </p>
   </div>
   <div class='ocr_carea' id='block_1_7' title="bbox 10 3949 1765 4650">
    <p class='ocr_par' dir='ltr' id='par_1_7' title="bbox 10 3949 1765 4650">
     <span class='ocr_line' id='line_1_29' title="bbox 181 3949 1765 4058; baseline 0.005 -29"><span class='ocrx_word' id='word_1_300' title='bbox 181 3949 332 4029; x_wconf 79' lang='lat' dir='ltr'><strong>interim</strong></span> <span class='ocrx_word' id='word_1_301' title='bbox 357 3950 494 4028; x_wconf 87' lang='lat' dir='ltr'><strong>sacrista</strong></span> <span class='ocrx_word' id='word_1_302' title='bbox 522 3952 801 4030; x_wconf 90' lang='lat' dir='ltr'><strong>ebdomadarius</strong></span> <span class='ocrx_word' id='word_1_303' title='bbox 823 3951 1005 4030; x_wconf 89' lang='lat' dir='ltr'><strong>lintheum</strong></span> <span class='ocrx_word' id='word_1_304' title='bbox 1038 3975 1190 4051; x_wconf 88' lang='lat' dir='ltr'><strong>paruum</strong></span> <span class='ocrx_word' id='word_1_305' title='bbox 1224 3950 1328 4052; x_wconf 88' lang='lat' dir='ltr'><strong>super</strong></span> <span class='ocrx_word' id='word_1_306' title='bbox 1359 3955 1470 4034; x_wconf 89' lang='lat' dir='ltr'><strong>altare</strong></span> <span class='ocrx_word' id='word_1_307' title='bbox 1497 3958 1710 4058; x_wconf 83' lang='lat' dir='ltr'><strong>explicando</strong></span> <span class='ocrx_word' id='word_1_308' title='bbox 1762 4012 1765 4016; x_wconf 86' lang='lat'>·</span> 
     </span>
     <span class='ocr_line' id='line_1_30' title="bbox 96 4069 1711 4178; baseline 0.006 -30"><span class='ocrx_word' id='word_1_309' title='bbox 96 4071 286 4159; x_wconf 73' lang='lat' dir='ltr'><strong>sciffecerit,</strong></span> <span class='ocrx_word' id='word_1_310' title='bbox 319 4071 482 4166; x_wconf 83' lang='lat' dir='ltr'><strong>quod&amp;</strong></span> <span class='ocrx_word' id='word_1_311' title='bbox 507 4069 553 4145; x_wconf 93' lang='lat' dir='ltr'><strong>ad</strong></span> <span class='ocrx_word' id='word_1_312' title='bbox 583 4072 726 4167; x_wconf 87' lang='lat' dir='ltr'><strong>presens</strong></span> <span class='ocrx_word' id='word_1_313' title='bbox 753 4071 806 4147; x_wconf 89' lang='lat' dir='ltr'><strong>ita</strong></span> <span class='ocrx_word' id='word_1_314' title='bbox 830 4071 881 4149; x_wconf 88' lang='lat' dir='ltr'><strong>est</strong></span> <span class='ocrx_word' id='word_1_315' title='bbox 903 4073 1091 4171; x_wconf 78' lang='lat' dir='ltr'><strong>plicatum,</strong></span> <span class='ocrx_word' id='word_1_316' title='bbox 1117 4073 1218 4170; x_wconf 91' lang='lat' dir='ltr'><strong>super</strong></span> <span class='ocrx_word' id='word_1_317' title='bbox 1242 4073 1332 4151; x_wconf 91' lang='lat' dir='ltr'><strong>illud</strong></span> <span class='ocrx_word' id='word_1_318' title='bbox 1356 4077 1470 4173; x_wconf 83' lang='lat' dir='ltr'><strong>ponit.</strong></span> <span class='ocrx_word' id='word_1_319' title='bbox 1491 4078 1711 4178; x_wconf 68' lang='lat' dir='ltr'><strong>&gt;Postquam</strong></span> 
     </span>
     <span class='ocr_line' id='line_1_31' title="bbox 96 4189 1710 4298; baseline 0.005 -32"><span class='ocrx_word' id='word_1_320' title='bbox 96 4190 254 4269; x_wconf 83' lang='lat' dir='ltr'><strong>sacerdos</strong></span> <span class='ocrx_word' id='word_1_321' title='bbox 278 4189 556 4266; x_wconf 86' lang='lat' dir='ltr'><strong>ebdomadarius</strong></span> <span class='ocrx_word' id='word_1_322' title='bbox 591 4213 721 4287; x_wconf 85' lang='lat' dir='ltr'><strong>corpus</strong></span> <span class='ocrx_word' id='word_1_323' title='bbox 746 4191 973 4268; x_wconf 89' lang='lat' dir='ltr'><strong>dominicum</strong></span> <span class='ocrx_word' id='word_1_324' title='bbox 994 4191 1209 4292; x_wconf 73' lang='lat' dir='ltr'><strong>mceusuaerr&#39;t,</strong></span> <span class='ocrx_word' id='word_1_325' title='bbox 1248 4192 1286 4270; x_wconf 85' lang='lat' dir='ltr'><strong>dr</strong></span> <span class='ocrx_word' id='word_1_326' title='bbox 1313 4193 1346 4268; x_wconf 85' lang='lat' dir='ltr'><strong>is</strong></span> <span class='ocrx_word' id='word_1_327' title='bbox 1370 4196 1433 4295; x_wconf 90' lang='lat' dir='ltr'><strong>qui</strong></span> <span class='ocrx_word' id='word_1_328' title='bbox 1457 4197 1508 4276; x_wconf 83' lang='lat' dir='ltr'><strong>est</strong></span> <span class='ocrx_word' id='word_1_329' title='bbox 1529 4201 1710 4298; x_wconf 82' lang='lat' dir='ltr'><strong>expeditis</strong></span> 
     </span>
     <span class='ocr_line' id='line_1_32' title="bbox 96 4307 1711 4411; baseline 0.005 -23"><span class='ocrx_word' id='word_1_330' title='bbox 96 4311 261 4388; x_wconf 89' lang='lat' dir='ltr'><strong>manibus</strong></span> <span class='ocrx_word' id='word_1_331' title='bbox 292 4309 380 4385; x_wconf 90' lang='lat' dir='ltr'><strong>illud</strong></span> <span class='ocrx_word' id='word_1_332' title='bbox 407 4320 457 4395; x_wconf 69' lang='lat' dir='ltr'><strong>‚vt</strong></span> <span class='ocrx_word' id='word_1_333' title='bbox 478 4307 529 4384; x_wconf 87' lang='lat' dir='ltr'><strong>est</strong></span> <span class='ocrx_word' id='word_1_334' title='bbox 550 4308 729 4407; x_wconf 73' lang='lat' dir='ltr'><strong>infametis</strong></span> <span class='ocrx_word' id='word_1_335' title='bbox 757 4311 914 4408; x_wconf 88' lang='lat' dir='ltr'><strong>accepit,</strong></span> <span class='ocrx_word' id='word_1_336' title='bbox 960 4311 1091 4386; x_wconf 87' lang='lat' dir='ltr'><strong>eodem</strong></span> <span class='ocrx_word' id='word_1_337' title='bbox 1125 4311 1253 4388; x_wconf 88' lang='lat' dir='ltr'><strong>ordine</strong></span> <span class='ocrx_word' id='word_1_338' title='bbox 1290 4338 1361 4411; x_wconf 93' lang='lat' dir='ltr'><strong>quo</strong></span> <span class='ocrx_word' id='word_1_339' title='bbox 1399 4315 1484 4392; x_wconf 91' lang='lat' dir='ltr'><strong>illuc</strong></span> <span class='ocrx_word' id='word_1_340' title='bbox 1514 4333 1711 4407; x_wconf 87' lang='lat' dir='ltr'><strong>venerunt,</strong></span> 
     </span>
     <span class='ocr_line' id='line_1_33' title="bbox 97 4418 1711 4528; baseline 0.006 -22"><span class='ocrx_word' id='word_1_341' title='bbox 97 4418 140 4506; x_wconf 84' lang='lat' dir='ltr'><strong>ad</strong></span> <span class='ocrx_word' id='word_1_342' title='bbox 161 4432 260 4528; x_wconf 68' lang='lat' dir='ltr'><strong>masur</strong></span> <span class='ocrx_word' id='word_1_343' title='bbox 285 4427 622 4523; x_wconf 77' lang='lat' dir='ltr'><strong>diue-procedunt,</strong></span> <span class='ocrx_word' id='word_1_344' title='bbox 647 4442 832 4506; x_wconf 90' lang='lat' dir='ltr'><strong>conuentu</strong></span> <span class='ocrx_word' id='word_1_345' title='bbox 858 4439 986 4507; x_wconf 90' lang='lat' dir='ltr'><strong>contra</strong></span> <span class='ocrx_word' id='word_1_346' title='bbox 1011 4453 1076 4506; x_wconf 85' lang='lat' dir='ltr'><strong>eos</strong></span> <span class='ocrx_word' id='word_1_347' title='bbox 1102 4439 1223 4506; x_wconf 79' lang='lat' dir='ltr'><strong>maiora</strong></span> <span class='ocrx_word' id='word_1_348' title='bbox 1247 4425 1373 4528; x_wconf 73' lang='lat' dir='ltr'><strong>pbeoie.</strong></span> <span class='ocrx_word' id='word_1_349' title='bbox 1423 4437 1525 4514; x_wconf 88' lang='lat' dir='ltr'><strong>Tunc</strong></span> <span class='ocrx_word' id='word_1_350' title='bbox 1546 4441 1711 4516; x_wconf 89' lang='lat' dir='ltr'><strong>sacerdos</strong></span> 
     </span>
     <span class='ocr_line' id='line_1_34' title="bbox 10 4547 1712 4650; baseline 0.007 -27"><span class='ocrx_word' id='word_1_351' title='bbox 10 4548 21 4566; x_wconf 74' lang='grc'><strong><em>”</em></strong></span> <span class='ocrx_word' id='word_1_352' title='bbox 80 4549 324 4649; x_wconf 69' lang='lat' dir='ltr'><strong>progrediens</strong></span> <span class='ocrx_word' id='word_1_353' title='bbox 343 4552 492 4644; x_wconf 77' lang='lat' dir='ltr'><strong>corporale</strong></span> <span class='ocrx_word' id='word_1_354' title='bbox 516 4547 691 4646; x_wconf 66' lang='lat' dir='ltr'><strong>explicat,</strong></span> <span class='ocrx_word' id='word_1_355' title='bbox 729 4551 769 4628; x_wconf 76' lang='lat'><strong>&amp;-</strong></span> <span class='ocrx_word' id='word_1_356' title='bbox 791 4562 911 4648; x_wconf 79' lang='lat' dir='ltr'><strong>eccepto</strong></span> <span class='ocrx_word' id='word_1_357' title='bbox 934 4573 1002 4626; x_wconf 88' lang='lat' dir='ltr'><strong>cum</strong></span> <span class='ocrx_word' id='word_1_358' title='bbox 1030 4567 1150 4647; x_wconf 86' lang='lat' dir='ltr'><strong>corpore</strong></span> <span class='ocrx_word' id='word_1_359' title='bbox 1175 4552 1289 4626; x_wconf 74' lang='lat' dir='ltr'><strong>mosei</strong></span> <span class='ocrx_word' id='word_1_360' title='bbox 1307 4565 1439 4650; x_wconf 79' lang='lat' dir='ltr'><strong>pmcne.</strong></span> <span class='ocrx_word' id='word_1_361' title='bbox 1480 4557 1640 4635; x_wconf 85' lang='lat' dir='ltr'><strong>similiter</strong></span> <span class='ocrx_word' id='word_1_362' title='bbox 1672 4563 1712 4645; x_wconf 78' lang='lat' dir='ltr'><strong>dc</strong></span> 
     </span>
    </p>
   </div>
   <div class='ocr_carea' id='block_1_8' title="bbox 97 4662 1910 4776">
    <p class='ocr_par' dir='ltr' id='par_1_8' title="bbox 97 4662 1910 4776">
     <span class='ocr_line' id='line_1_35' title="bbox 97 4662 1910 4776; baseline -0.008 -30"><span class='ocrx_word' id='word_1_363' title='bbox 97 4679 192 4746; x_wconf 72' lang='lat' dir='ltr'><strong>casce·</strong></span> <span class='ocrx_word' id='word_1_364' title='bbox 205 4669 306 4767; x_wconf 90' lang='lat' dir='ltr'><strong>super</strong></span> <span class='ocrx_word' id='word_1_365' title='bbox 333 4662 421 4742; x_wconf 90' lang='lat' dir='ltr'><strong>illud</strong></span> <span class='ocrx_word' id='word_1_366' title='bbox 452 4667 563 4746; x_wconf 85' lang='lat' dir='ltr'><strong>locat.</strong></span> <span class='ocrx_word' id='word_1_367' title='bbox 606 4679 731 4762; x_wconf 82' lang='lat' dir='ltr'><strong>atroque</strong></span> <span class='ocrx_word' id='word_1_368' title='bbox 764 4668 910 4766; x_wconf 74' lang='lat' dir='ltr'><strong>effercite</strong></span> <span class='ocrx_word' id='word_1_369' title='bbox 934 4693 1058 4744; x_wconf 82' lang='lat' dir='ltr'><strong>mamm</strong></span> <span class='ocrx_word' id='word_1_370' title='bbox 1087 4676 1261 4764; x_wconf 80' lang='lat' dir='ltr'><strong>accipientis</strong></span> <span class='ocrx_word' id='word_1_371' title='bbox 1288 4674 1455 4769; x_wconf 67' lang='lat' dir='ltr'><strong>osculnm,</strong></span> <span class='ocrx_word' id='word_1_372' title='bbox 1500 4678 1563 4776; x_wconf 76' lang='lat' dir='ltr'><strong>qui</strong></span> <span class='ocrx_word' id='word_1_373' title='bbox 1593 4679 1709 4757; x_wconf 65' lang='lat' dir='ltr'><strong>eciam</strong></span> <span class='ocrx_word' id='word_1_374' title='bbox 1831 4749 1833 4752; x_wconf 8' lang='lat' dir='ltr'>y</span> <span class='ocrx_word' id='word_1_375' title='bbox 1907 4726 1910 4731; x_wconf 89' lang='lat'><em>.</em></span> 
     </span>
    </p>
   </div>
   <div class='ocr_carea' id='block_1_9' title="bbox 97 4786 1714 4993">
    <p class='ocr_par' dir='ltr' id='par_1_9' title="bbox 97 4786 1714 4993">
     <span class='ocr_line' id='line_1_36' title="bbox 97 4786 1188 4907; baseline 0 -41"><span class='ocrx_word' id='word_1_376' title='bbox 97 4789 267 4891; x_wconf 82' lang='lat' dir='ltr'><strong>deinceps</strong></span> <span class='ocrx_word' id='word_1_377' title='bbox 292 4811 355 4888; x_wconf 92' lang='lat' dir='ltr'><strong>per</strong></span> <span class='ocrx_word' id='word_1_378' title='bbox 379 4786 504 4866; x_wconf 83' lang='lat' dir='ltr'><strong>onmia</strong></span> <span class='ocrx_word' id='word_1_379' title='bbox 534 4793 630 4865; x_wconf 84' lang='lat' dir='ltr'><strong>vicem</strong></span> <span class='ocrx_word' id='word_1_380' title='bbox 653 4791 771 4868; x_wconf 70' lang='lat' dir='ltr'><strong>liuore</strong></span> <span class='ocrx_word' id='word_1_381' title='bbox 796 4793 839 4880; x_wconf 63' lang='grc' dir='ltr'><strong>δ’</strong></span> <span class='ocrx_word' id='word_1_382' title='bbox 864 4790 997 4907; x_wconf 73' lang='lat' dir='ltr'><strong>ministri</strong></span> <span class='ocrx_word' id='word_1_383' title='bbox 1017 4787 1188 4888; x_wconf 83' lang='lat' dir='ltr'><strong>supplent.</strong></span> 
     </span>
     <span class='ocr_line' id='line_1_37' title="bbox 927 4909 1714 4993; baseline -0.001 0"><span class='ocrx_word' id='word_1_384' title='bbox 927 4909 962 4993; x_wconf 88' lang='lat' dir='ltr'><strong>Q</strong></span> <span class='ocrx_word' id='word_1_385' title='bbox 988 4935 1007 4985; x_wconf 92' lang='lat'><em>2</em></span> <span class='ocrx_word' id='word_1_386' title='bbox 1335 4960 1342 4968; x_wconf 90' lang='lat'>·</span> <span class='ocrx_word' id='word_1_387' title='bbox 1661 4917 1714 4993; x_wconf 90' lang='lat' dir='ltr'><strong>llll</strong></span> 
     </span>
    </p>
   </div>
   <div class='ocr_carea' id='block_1_10' title="bbox 0 0 2153 5670">
    <p class='ocr_par' dir='ltr' id='par_1_10' title="bbox 0 0 2153 5670">
     <span class='ocr_line' id='line_1_38' title="bbox 0 0 2153 5670; baseline 0 0"><span class='ocrx_word' id='word_1_388' title='bbox 0 0 2153 5670; x_wconf 95' lang='lat' dir='ltr'><strong> </strong></span> 
     </span>
    </p>
   </div>
  </div>
 </body>
</html>
