4276 5670
409 398 483 483 530
694 452 699 457 .
983 372 1445 489 *omnmo

433 619 436 623 .
504 587 540 661 3.
566 561 667 658 May.
698 549 1026 635 Reuerendisiimua
1061 551 1245 628 Holenam
1270 550 1418 629 disceffit
1440 551 1491 627 ibi
1515 559 1733 652 excepturus
1768 552 2037 634 Illostrsffimom

411 680 458 761 D.
486 676 670 759 Nuntium
696 672 942 776 Apostolicum
966 672 1130 749 Lucem:
1169 693 1256 747 nam
1277 695 1341 769 per
1358 669 1397 748 Ρ.
1424 669 1634 775 Ambrosmrn
1651 667 1852 775 'Aggermco
1876 673 2037 752 nostrum

388 801 544 886 edixit.
597 800 631 876 se
660 793 911 896 sequenti-die
943 817 978 890 4
1006 794 1092 888 May
1128 802 1333 871 ventorum.
1410 792 1522 871 Venit
1557 803 1644 867 ante
1679 805 1845 892 quartam
1876 795 2037 891 vespertt

410 921 541 1021 quinta
565 918 642 1016 post
674 915 862 994 meridiem
889 912 1069 1012 equitauit
1088 909 1297 987 Lindcur'cm
1331 911 1427 1007 apud
1440 910 1596 988 ‘nobiles
1620 910 1799 989 Dominae
1835 912 1874 991 ἀ
1902 914 2040 990 Princi-

410 1062 498 1140 pem
531 1037 809 1115 Lindauiensem
842 1033 1040 1113 diuerteos.
1115 1034 1150 1107 ὁ.
1174 1029 1285 1108 rediit
1314 1027 1499 1108 Holenam
1531 1032 1570 1110 ἀ
1602 1053 1636 1132 7.
1668 1028 1820 1109 diseoffn
1855 1032 1899 1110 in
1928 1031 2045 1110 omn·

199 1157 203 1164 ’
343 1185 345 1191 “
403 1159 594 1267 petingen.

388 1419 395 1429 «
512 1392 546 1468 s.
571 1373 664 1470 May
685 1370 851 1448 Bauamr
876 1367 998 1466 ligneo
1018 1367 1112 1466 pede
1138 1366 1312 1444 incedens
1334 1363 1458 1442 Franc.
1486 1363 1668 1444 deorn
1690 1388 1776 1444 com
1795 1363 1877 1443 aliia
1902 1387 2042 1449 nouem

412 1491 605 1572 Baienfutt
639 1512 703 1588 per
734 1472 941 1566 Emiffarios
972 1488 1165 1564 austriacos
1199 1485 1475 1582 comprehensus
1503 1486 1563 1563 est.
1636 1485 1744 1565 Dusii
1771 1489 1851 1564 sont
1878 1485 2043 1563 Altdorf·

413 1612 515 1688 fium.
583 1623 615 1695 8.
644 1607 797 1685 Militiae
818 1607 990 1685 Praefecti
1015 1604 1163 1686 honeste
1188 1606 1366 1693 arrestari,
1405 1607 1478 1683 duo
1501 1604 1631 1683 Ntmtii
1660 1605 1720 1682 seu
1745 1606 1905 1683 samnii
1893 1629 1936 1705 ιιι
1967 1627 2042 1681 car·

413 1751 535 1809 cerem
551 1727 708 1826 conjesti
735 1729 805 1827 seq.
888 1749 922 1896 9.
948 1725 1088 1805 Omnes
1114 1726 1213 1806 dosii
1241 1724 1323 1804 sont
1351 1722 1620 1828 Conslmtr'oma
1648 1749 1707 1806 ao.
1740 1725 1920 1805 militibus
1956 1726 2043 1806 inde

411 1846 534 1928 minis.

298 2096 301 2100 ·
385 2017 389 2025 .
460 2099 463 2103 ·
516 2086 572 2142 ιο.
611 2060 652 2138 In
678 2057 798 2137 nostra
826 2058 984 2149 Ecclesia
1011 2059 1142 2136 Preces
1176 2058 1340 2158 publicae
1369 2079 1431 2150 pro
1458 2059 1689 2158 Imperatoria
1723 2058 1955 2161 impetranda
1990 2079 2043 2136 re·

417 2178 719 2306 conualescentia,
760 2181 881 2279 &pro
906 2178 1004 2259 felici
1027 2178 1179 2258 successu
1203 2178 1508 2259 Caesareanorum
1535 2201 1730 2257 armorum.

318 2479 347 2502 A,
515 2419 570 2473 ιι.
593 2392 810 2472 conuentus
837 2393 1024 2474 Abbatom
1056 2395 1232 2493 congreg
1263 2393 1444 2474 Sueuieae
1477 2414 1543 2493 pro
1574 2393 1743 2491 eligendo
1776 2390 1951 2470 Praelide
1976 2403 2041 2470 etc

419 2515 657 2596 confirmator
679 2515 830 2590 demum
853 2513 905 2590 est
925 2513 1044 2593 noller
1069 2517 1206 2593 Abbas.
1266 2516 1307 2591 P.
1334 2514 1436 2593 Prior
1465 2513 1692 2593 Petrusranua
1721 2512 1882 2596 adsuit
1862 2538 1913 2603 err
1944 2527 2038 2592 more

420 2631 715 2735 propositioni&
742 2629 900 2709 recessui.

488 2871 581 2946 ις.
607 2847 774 2926 Officium
808 2809 1057 2925 defunctorum
1087 2871 1150 2947 pro
1174 2847 1393 2946 Imperatore
1423 2787 1590 2948 leopoldo
1624 2868 1644 2943 5
1670 2848 1759 2948 May
1780 2847 1948 2928 Viennae
1983 2845 2045 2923 ‹ie-

424 2969 567 3053 nono.
617 2966 792 3045 tumba
780 2987 819 3043 ιιι
853 2966 944 3043 noui
979 2965 1121 3067 Templi
1156 2970 1284 3048 eretta.
1336 2977 1411 3049 rc
1412 2967 1596 3061 officium
1624 2968 1672 3045 de
1695 2967 1876 3068 Requiem
1903 2988 1971 3087 pro
2002 2989 2046 3044 eo

379 3127 382 3131 ⁴
419 3083 783 3188 aReuerendiilimo
813 3086 1060 3163 decantatum.
1608 3147 1611 3152 .

420 3326 431 3337 ‘'
519 3350 578 3422 3r.
603 3324 731 3404 Noster
755 3322 1002 3433 Cancellarius
1031 3346 1079 3401 ex
1113 3322 1310 3403 conuento
1345 3323 1476 3402 clrculi
1502 3321 1636 3403 scenici
1669 3321 1843 3424 Psslingce
1878 3322 2052 3400 celebrati

420 3450 511 3525 'a'nte
537 3448 631 3522 duos
658 3444 814 3524 veltres
845 3444 925 3520 dieo
948 3443 1065 3523 rediit
1114 3445 1168 3522 Ibi
1190 3444 1304 3522 sermo
1325 3444 1417 3523 nihii
1443 3447 1583 3532 astum,
1615 3444 1763 3542 eoquod
1784 3442 2054 3524 Dor-Wirten·

425 3563 590 3661 bergicus
614 3563 728 3639 nollet
752 3564 824 3639 vllo
857 3565 968 3640 modo
999 3562 1140 3640 miffom
1178 3585 1201 3639 a
1226 3563 1356 3651 Gelsrii'
1345 3588 1420 3641 mo
1446 3563 1620 3662 Episcopo
1648 3559 1912 3638 constantiensi
1939 3566 2054 3660 Lego·

335 3713 343 3727 ’
424 3693 506 3775 tom
527 3681 663 3782 Tilger
693 3681 908 3769 admittere,
947 3680 1012 3781 qui
1042 3705 1107 3780 pro
1139 3682 1306 3760 abdicato
1346 3679 1571 3763 Tso'ersroimer
1603 3679 1827 3800 cancellario
1860 3680 2054 3782 Episcopi.

392 3800 549 3882 ‘missos
572 3810 661 3878 erat

523 4017 558 4093 7.
588 3997 673 4095 Jnn.
712 3993 865 4074 Praecea
914 3993 953 4071 or
987 3988 1158 4069 sacrificia
1204 4014 1270 4093 pro
1312 3990 1423 4072 salute
1474 3911 1779 4094 &prosperitate
1820 3991 2058 4094 Imperatoris

254 4114 258 4123 ’
399 4089 584 4209 poppae

405 4325 409 4334 ·
525 4325 559 4399 5.
584 4304 684 4403 Sept.
715 4300 1046 4380 Reuerendissmus
1081 4302 1121 4380 io
1151 4301 1274 4380 Hosen
1297 4219 1476 4404 profetica
1499 4304 1567 4396 est,
1603 4303 1655 4383 ibi
1683 4299 1752 4408 seq.
1792 4303 1854 4384 oie
1885 4314 2061 4407 excepto·

161 4483 169 4499 .
296 4491 300 4497 .
413 4422 559 4628 ιω).
587 4423 774 4510 Comitem
797 4423 836 4498 dc
859 4423 1041 4528 Montsorr.

526 4637 630 4739 7.In
657 4636 854 4713 Bochhom
882 4637 929 4716 D
962 4638 1181 4736 Gomorrae
1223 4634 1492 4742 Tiiermon'nger
1514 4639 1808 4804 :homagiom
1765 4639 1923 4720 nomine
1947 4642 2064 4744 Impe-

261 4794 269 4808 ·
350 4770 362 4776 ”’
433 4756 564 4842 ratorir
594 4753 747 4863 ρ79918
762 4751 922 4858 suscepit.
1071 4878 1075 4883 „
1220 4879 1228 4887 ¹
1499 4796 1504 4809 ·

1884 4857 2064 4942 8Virnor
