4276 5670
717 392 1197 491 iocamur,
1655 355 1739 490 oe

111 563 266 641 {mouit
292 585 406 659 usque
434 564 481 640 ad
512 564 624 643 finem
653 564 743 643 vitae
775 566 868 644 suae.
929 568 1001 653 Qui
1026 568 1112 646 dein
1148 570 1274 668 paucis
1308 578 1393 646 eote
1418 516 1561 648 >obitum
1575 565 1735 654 diebus,

113 686 286 762 nimirum
312 709 344 782 7.
377 684 476 780 Sept.
511 683 703 780 refignauit
736 684 953 772 Abbatiam,
986 711 1071 765 cum
1106 689 1316 783 praefuisset
1347 710 1463 765 annos
1488 695 1547 782 36.
1573 692 1611 767 oe
1644 686 1736 764 obiit

118 826 174 897 15.
196 805 294 898 Sept.
320 804 517 902 requietat
542 803 581 878 in
604 816 752 909 aeterna
773 805 888 902 pace!
912 805 1086 884 haetenus
1109 808 1149 882 P.
1178 807 1309 906 Gotesr.
1331 806 1484 907 Reding,
1503 807 1673 904 pleraque
1687 828 1736 885 ex

107 924 153 1000 P.
178 922 343 1004 Bucelini
369 923 600 1020 Ephemerid.
622 924 814 1013 detiorum
836 925 896 1021 vbi
918 925 1033 1002 multo
1053 937 1183 1002 notatu
1208 925 1318 1020 digna
1340 928 1514 1024 adscripta
1539 929 1639 1002 sunt:
1673 925 1755 1000 sed·
1805 1002 1809 1009 ,

112 1066 205 1141 quae
230 1056 309 1118 tum
331 1066 353 1116 a
373 1043 477 1139 scopo
499 1042 618 1120 nostro
643 1042 759 1117 aliene
789 1044 907 1139 magia
933 1044 1037 1133 sunt,
1066 1056 1148 1122 tum
1171 1044 1284 1122 etiam
1311 1045 1521 1143 prolixiora,
1551 1065 1662 1146 quam
1692 1055 1735 1135 ut

109 1161 173 1238 hic
197 1162 318 1238 locum
338 1161 540 1239 inueniant.
589 1160 735 1239 Funeris
754 1160 875 1261 aliqua
894 1164 1132 1263 relinquenda
1149 1188 1294 1265 quoque
1321 1168 1412 1242 sunt.

205 1398 390 1498 superest,
413 1408 454 1476 vt
475 1398 659 1496 epistotam
690 1400 872 1480 coronidis
905 1403 987 1480 1000
1019 1403 1207 1500 adjicien,
1239 1425 1350 1501 quam
1377 1351 1731 1499 tenerenturne

108 1518 146 1599 S.
175 1518 313 1618 Georgii
337 1520 374 1594 in
405 1517 522 1618 Tyrotr'
544 1519 691 1604 Abhas.
716 1522 812 1617 apud
836 1546 905 1600 noe
928 1525 1114 1623 quondam
1130 1522 1348 1622 Discipulos,
1371 1533 1412 1602 vt
1435 1522 1537 1619 supro
1557 1517 1728 1609 uidimus,
1882 1581 1892 1588 .

107 1641 156 1716 ad
173 1638 381 1714 Dominicum
402 1638 606 1738 perscripsit.
655 1637 759 1716 Haec
782 1639 858 1717 este
961 1650 963 1654 ’
1794 1686 1797 1691 ·

203 1875 469 1976 Reuerendifflme
500 1875 654 1977 Praesui,
690 1878 876 1980 ampiifflme
911 1874 1071 1969 Domine,
1111 1877 1255 1956 Domine
1282 1874 1557 1980 obseruandifflme
1588 1873 1729 1953 Ordinis

33 2098 37 2103 Ι
105 1998 203 2097 nostri
221 1996 455 2097 Monaflerium
476 1996 607 2072 Montis
633 1995 671 2076 S.
700 1997 840 2098 Georgii
864 2001 900 2073 in
930 1996 966 2073 T
961 1999 1049 2096 qroii
1072 2024 1176 2098 prope
1198 1997 1345 2076 Scbeoaz
1364 2002 1483 2101 strum,
1516 2022 1579 2074 uno
1606 1994 1726 2071 abbiuc

103 2115 201 2216 instro
225 2141 269 2190 erc
296 2117 430 2190 immoni
460 2117 607 2192 incendio
639 2132 819 2194 extremam
856 2107 936 2216 pene
962 2121 1092 2195 ruinam
1116 2116 1242 2217 paffiem
1262 2116 1384 2220 suffe,
1422 2102 1726 2216 Reuerendifflmrrn

104 2235 372 2311 Dominationem
393 2238 528 2336 oestrum
550 2242 625 2336 jam
646 2237 776 2332 *dudum
800 2232 843 2311 ab
870 2237 948 2310 uiiis
967 2235 1165 2336 intellexiste.
1180 2234 1339 2315 arbitror.
1388 2233 1441 2312 Et
1460 2262 1499 2312 ne
1512 2235 1580 2329 ,boc
1601 2233 1724 2321 maium

94 2351 204 2454 ficium
226 2379 285 2428 nos
307 2368 483 2452 premeret,
513 2358 613 2431 auxit
636 2353 885 2464 irrepdrabilem
901 2353 1066 2454 juiiuram
1083 2354 1188 2454 saeua
1210 2381 1315 2443 mors,
1341 2379 1422 2452 quae
1442 2353 1622 2454 pauceio,
1649 2378 1722 2435 cum

59 2534 62 2543 ,
101 2499 118 2546 ι
138 2472 227 2571 satis
257 2474 382 2572 copiast)
409 2472 648 2573 Religiosorum
668 2488 774 2559 coetu,
803 2500 868 2549 uno
891 2478 961 2575 post
983 2473 1122 2549 aiterum
1139 2473 1307 2575 succefflue
1322 2461 1475 2572 subiato,
1498 2476 1560 2551 uix
1579 2471 1644 2571 sex
1660 2471 1721 2570 sea

97 2594 245 2690 perflites
261 2594 402 2691 fecerit,
426 2592 508 2670 baut
529 2597 640 2669 nitius
659 2594 730 2693 ipso
759 2592 911 2670 Vulcano
926 2597 962 2670 in
980 2592 1058 2672 diiii
1071 2590 1198 2670 ¹montis
1219 2594 1345 2681 incolas
1364 2597 1477 2698 qaffim
1495 2590 1718 2695 grnffabatur.

199 2829 323 2905 Verum
345 2854 385 2903 ne
404 2826 445 2904 ob
462 2829 537 2930 ,istos
558 2840 627 2905 tum
648 2832 753 2930 tristes
775 2829 886 2929 casus,
913 2843 1058 2906 montrum
1087 2829 1353 2930 Georgianumo
1375 2833 1486 2908 nuris
1512 2834 1585 2931 ,ium
1601 2827 1719 2930 samu

98 2952 144 3027 iis
170 2949 398 3026 Benediibinae
410 2949 566 3048 familiae
593 2946 745 3024 celebrem
770 2949 947 3049 deficiamm
980 2951 1047 3039 ire,
1075 2963 1136 3027 aut
1160 2964 1321 3051 perpetua
1354 2978 1425 3027 cum
1450 2949 1589 3028 Ordinis
1618 2947 1720 3050 nostri

89 3074 279 3171 ignominia
302 3069 411 3144 cedere
432 3095 449 3141 c
473 3068 543 3143 ioco
570 3070 648 3143 aliie
672 3094 878 3167 cogerenuer,
908 3068 1067 3169 duplicem
1093 3084 1161 3148 mm
1190 3068 1373 3147 materiatis
1398 3083 1467 3146 cunt
1495 3072 1593 3149 ctiam
1609 3067 1717 3167 spiri·

58 3230 62 3236 ·
96 3190 204 3269 ruelis‘
222 3191 464 3293 restaurationis
478 3186 648 3287 fabricam
669 3190 781 3264 moliri
801 3187 953 3291 nccefficm
964 3192 1047 3286 fuit.
1096 3189 1139 3264 In
1157 3188 1219 3264 ilia
1244 3191 1371 3285 quidem
1392 3189 1476 3263 nint
1495 3186 1642 3264 babienur
1662 3187 1717 3261 ia·

95 3311 187 3389 boris
207 3310 400 3410 megistum,
418 3307 481 3406 sed
503 3306 579 3382 Deo
593 3310 644 3408 stc
667 3308 854 3382 concedente
871 3334 937 3406 pro
957 3306 1125 3406 Religioſsr
1152 3306 1318 3385 Conuentu
1345 3321 1510 3404 utcumque
1532 3303 1718 3405 necefficriir

94 3425 394 3529 contignationibus
413 3427 531 3502 obtima
555 3427 649 3501 modo
678 3451 793 3500 manus
815 3429 857 3526 esi
883 3431 1043 3528 appositu,
1094 3425 1197 3501 Hanc
1220 3453 1297 3503 nero
1328 3453 1401 3503 cunc
1426 3427 1544 3524 absque
1573 3425 1717 3501 aliorum
1845 3488 1848 3494 .
1952 3486 1954 3491 ,

85 3548 233 3652 fiebstdio
250 3546 402 3647 prosequi
421 3559 620 3647 nequaqnam
640 3571 689 3620 me
701 3545 790 3646 poffe
812 3544 1118 3635 animaduerteren,
1146 3571 1229 3645 prae
1245 3549 1323 3623 aliis
1343 3549 1390 3623 od
1410 3544 1592 3624 Reuerendi
1627 3567 1715 3619 mane
1803 3552 1806 3558 ’
1906 3550 1931 3610 “.

94 3669 145 3747 D.
178 3667 223 3744 V.
255 3666 446 3742 tendendum
471 3691 512 3740 oc
536 3665 788 3764 supplicandum
819 3689 934 3763 operae
961 3668 1104 3762 metior
1130 3667 1236 3763 duxi,
1267 3692 1332 3764 quo
1346 3694 1411 3743 nce
1438 3670 1474 3741 in
1504 3664 1563 3740 boc
1592 3688 1715 3763 quoque

92 3786 206 3865 dabore
234 3799 419 3872 conantem,
448 3787 542 3860 unius
566 3799 627 3860 ¹aut
646 3785 781 3862 duorum
806 3781 1045 3882 Religiosorurn
1067 3782 1207 3861 Petrum
1230 3813 1249 3861 e
1266 3787 1329 3886 suo
1352 3786 1542 3886 ampiifflmo
1562 3781 1723 3883 Religio.
1748 3838 1752 3846 ·
1805 3796 1810 3811 ’

84 3910 129 4010 so
157 3922 263 3996 coetu,
286 3904 478 4006 praesentim
504 3930 629 3993 rarum,
660 3909 716 4002 qui
741 3904 831 4005 apud
856 3901 1157 4004 Rmerendiffimum
1184 3904 1286 3980 Dom.
1312 3907 1430 3980 montis
1458 3903 1579 3978 Maria
1607 3901 1712 3978 Prae·
1747 3966 1751 3972 .

58 4016 61 4021 ’
83 4029 191 4129 sulem
214 4052 276 4126 qro
303 4039 444 4124 tempore
471 4023 622 4124 hospites·
635 4037 757 4124 agunt,
793 4023 921 4099 auxilio
944 4022 1118 4122 subiruore
1148 4026 1237 4106 oeiit.
1307 4023 1358 4099 Vt
1383 4025 1535 4098 nimirum
1568 4020 1711 4124 cancefflr
1728 4033 1741 4047 ”

83 4146 151 4250 fibi
169 4147 216 4223 ad
233 4138 295 4221 noc
308 4143 378 4245 sese
403 4143 592 4242 conserendi
607 4142 793 4237 fatuitate,
830 4143 1021 4219 diminutum
1047 4169 1188 4219 netarum
1220 4141 1436 4240 Confratrum
1466 4165 1644 4216 numerum.
1658 4166 1712 4215 re·

81 4271 252 4369 stentare,
282 4280 376 4363 atque
399 4266 475 4361 quia
504 4264 550 4338 ad
571 4267 686 4338 uarias
713 4262 886 4337 identidem
915 4265 1099 4364 domesticas
1132 4287 1229 4338 curas
1261 4261 1489 4362 distrahimur,
1518 4257 1712 4372 formandis

86 4388 136 4464 ud
157 4388 346 4487 disciplinae
373 4387 561 4485 monasticae
576 4397 733 4460 'nmmum
752 4378 1081 4482 suscepticNouitiir
1105 4407 1237 4485 operam
1262 4404 1386 4458 nauare
1410 4379 1636 4480 dignarentur.

184 4622 454 4726 Reuerendrffima
482 4619 528 4700 V.
558 4619 754 4701 Darninotio
776 4617 855 4697 baec
881 4612 961 4717 mibi
986 4616 1073 4695 bona
1091 4616 1164 4721 fide
1195 4618 1331 4719 roganti
1353 4619 1481 4696 orniam
1509 4613 1620 4708 dabit,
1649 4640 1709 4696 cur

87 4742 135 4826 ad
156 4746 359 4847 caer-potius,
374 4744 556 4848 quemad,
573 4742 659 4818 aiios
684 4741 859 4907 appeltam.
913 4737 1039 4962 gquqo
1064 4765 1128 4818 nan
1153 4765 1221 4818 unu
1240 4737 1304 4840 sed
1320 4739 1433 4841 piures
1455 4751 1598 4828 mouent,
1624 4763 1708 4945 m
1816 4785 1822 4799 ·
