4276 5670
383 369 486 464 ast
913 472 916 481 ,
992 357 1414 455 *mamae*

383 553 451 624 aut
476 537 597 622 vellet.
647 537 766 622 Quare
781 535 959 614 securitati
977 538 1276 624 Monalieriorunr
1303 538 1447 619 suorum
1462 559 1600 640 aeque,
1626 564 1671 621 ao
1693 539 1909 641 Disciplinae
1925 509 2021 623 cone

269 740 274 748 ,
383 664 556 749 fulturas,
586 659 724 738 foederi
752 657 913 733 Sueuico
947 665 1044 733 anno
1074 683 1178 752 1522.
1264 659 1371 735 Vlmoe
1392 657 1543 738 Sancite
1568 663 1728 752 accessit,-
1766 675 1875 760 atque
1898 665 2014 741 etiam

383 779 668 881 Languentibus·
697 776 828 878 vbique
853 775 1040 854 Bellorum
1068 779 1230 856 tumultu
1266 778 1424 856 scientiis
1459 781 1509 856 de
1531 778 1704 877 erigendo
1728 804 1793 880 pro
1818 783 2016 861 Monachis

384 900 616 989 instituendis
638 896 922 975 sternam-serio
948 896 1108 992 cogitare
1132 898 1263 996 coepit.
1322 902 1444 984 Quum
1465 895 1758 996 enim‘Religiosr
1782 903 1939 999 primum
1965 904 2016 978 ad

384 1037 531 1103 exteras
546 1019 774 1101 Academias
798 1009 994 1094 studiorum
1019 1016 1135 1094 caussa
1158 1020 1406 1108 mitterentur,
1430 1021 1599 1119 iamque,
1618 1032 1747 1097 exorta
1771 1022 2015 1099 Reformatio-

384 1168 452 1232 ne,
477 1141 576 1222 varia
597 1161 663 1239 pro
686 1137 786 1216 vario
809 1136 1023 1217 docentium
1046 1137 1154 1231 genio
1184 1138 1366 1236 Dogmata
1387 1140 1522 1216 ibidem
1547 1141 1793 1230 traderentur,
1817 1144 2017 1238 prudenter

385 1263 511 1346 timuit
542 1258 751 1342 Gerwicus,
776 1279 824 1335 ne
849 1255 1001 1337 Plantae
1025 1259 1191 1334 nouellae
1221 1259 1408 1338 Noultatis
1434 1281 1558 1335 amore
1582 1259 1743 1337 redonas
1766 1259 1911 1345 succum
1936 1259 2017 1337 seu·
2067 1262 2070 1266 ’

289 1420 296 1431 ·
385 1385 453 1479 sim
488 1381 709 1462 inhiberent,
762 1376 802 1452 in
838 1374 947 1452 letale
990 1376 1193 1472 Religionis
1235 1379 1455 1456 monasticae
1488 1402 1673 1458 venenum
1699 1379 2014 1476 degeneranuum.

255 1587 262 1601 ,
386 1509 470 1594 Qua
495 1504 543 1580 de
562 1498 680 1578 caussa
705 1496 810 1575 datis
830 1496 886 1572 ad·
903 1518 1033 1574 omnes
1060 1496 1185 1574 circuli
1221 1498 1370 1576 Sueuici
1398 1499 1564 1577 Abbrtes
1593 1498 1841 1579 benedislinos
1861 1500 2015 1589 litteris,

386 1628 435 1708 ad
455 1627 631 1715 huntam
654 1617 787 1695 salubre
813 1638 907 1714 opus
941 1617 1196 1695 communibus
1221 1618 1367 1695 condrio
1398 1631 1509 1720 atque
1544 1618 1722 1699 sumtibus
1749 1619 2018 1716 perficiendum
2127 1646 2131 1652 ·

385 1749 575 1831 hortatus,
606 1739 654 1817 ad
680 1760 796 1819 anum
809 1760 977 1827 omnes,
1012 1737 1237 1815 Promotore-
1250 1738 1457 1836 praesertim
1493 1739 1676 1835 Wolfgango
1699 1738 1824 1817 Allato
1850 1743 2019 1839 Carnplda·

387 1868 489 1963 sunfi,
518 1860 644 1944 faciles
671 1857 834 1943 inuenit,
876 1856 1123 1956 promusque.
1197 1859 1362 1936 Abbates
1386 1858 1497 1955 igitur
1521 1883 1619 1937 anno
1646 1882 1751 1957 154²·
1773 1859 1836 1936 die
1861 1882 1919 1954 23.
1945 1860 2016 1937 Fe·

385 1986 521 2071 sanun
546 1985 723 2058 onaan
740 1987 1024 2067 conuenerunt,
1046 1979 1095 2054 ae
1123 1977 1205 2055 1000
1234 1979 1404 2075 eligendo
1425 1979 1473 2061 oe
1504 1979 1710 2078 niscrpnnn
1728 1972 1935 2068 undenus,
1954 1954 2030 2077 ,ιδ’

386 2090 545 2207 denique
575 2103 624 2181 dc
646 2096 1202 2187 Professoribusooustitueudis,
1242 2099 1395 2197 alliaque
1419 2098 1516 2177 inter
1542 2100 1577 2175 se
1605 2098 1867 2183 deliberaturi,
1890 2103 2017 2203 Locus

382 2252 472 2341 praa
496 2222 629 2303 ceteris
653 2220 770 2321 aptior
807 2216 901 2295 visus
916 2298 920 2303 ,
933 2217 984 2293 est
1019 2217 1140 2314 Legna
1165 2217 1325 2295 [litionis
1349 2216 1654 2316 campidunensis
1678 2216 1861 2324 ‚oppidum
1887 2222 2019 2299 rnanl·

385 2350 511 2452 mique
533 2336 702 2422 consensu
725 2338 858 2417 eodem
881 2359 978 2415 anuo
996 2354 1061 2432 ¹13.
1087 2338 1211 2416 Martii
1235 2338 1429 2415 statutum:
1459 2343 1500 2434 a)
1540 2338 1567 2415 l.
1590 2341 1641 2420 Vt
1660 2339 1849 2422 communi
1872 2339 2018 2439 lrnpen·,

386 2473 450 2555 dio
483 2467 597 2547 scolae
617 2459 859 2545 exstruantur,
896 2469 1007 2557 atque
1037 2456 1178 2554 srngula
1206 2457 1425 2537 Mouasteria
1454 2480 1595 2536 annuas
1630 2456 1815 2557 Expensas
1845 2462 2021 2547 eumad

387 2590 539 2673 alendos
566 2581 780 2661 Professores
805 2576 1067 2676 &Discipulos
1095 2589 1176 2655 tum
1201 2577 1314 2657 etiam
1339 2578 1387 2656 ad
1411 2576 1696 2661 conseruandum
1719 2577 1926 2657 aedificium
1949 2603 2032 2681 pro-

145 2792 152 2802 ·
234 2766 238 2770 ,
317 2756 321 2762 -
386 2722 468 2794 rata
491 2711 629 2805 absque
653 2723 756 2779 mora
787 2697 826 2775 dt
857 2697 1149 2805 tergiuersatlone
1180 2697 1346 2775 soluant.
1405 2698 1448 2775 ll.
1472 2701 1524 2778 Vt
1552 2699 1626 2775 duo
1654 2723 1701 2777 ex
1721 2698 1928 2777 Abbatibus
1949 2700 2016 2777 elie

387 2841 537 2936 gantur,
574 2822 637 2924 qui
664 2818 896 2902 visurorum
925 2813 1085 2896 Nomine
1104 2816 1311 2897 sollicitam
1334 2817 1508 2919 scolarum
1540 2840 1666 2897 curam
1694 2832 1840 2917 gerant,-
1877 2820 2019 2902 sedulo·

388 2945 693 3055 queinulgilent,
734 2951 775 3018 vt
800 2936 1033 3032 &Discipuli
1058 2936 1138 3026 sua,
1173 2940 1213 3019 ιι
1241 2937 1302 3035 lua
1327 2912 1541 3015 Professores
1564 2939 1720 3028 faciant,
1745 2939 1861 3039 iique
1879 2934 2020 3043 praeci·⁸

152 3117 157 3124 -
320 3130 323 3135 -
388 3095 460 3175 pue
485 3067 578 3149 tales
606 3061 741 3146 adsint,
772 3057 837 3158 qui
860 3058 995 3133 nedum
1025 3056 1173 3154 Ingenia
1194 3056 1369 3144 scientiis,
1413 3058 1473 3133 sed
1502 3057 1616 3135 etiam
1643 3060 1788 3138 animoa
1820 3059 2028 3155 virtutibus

377 3188 590 3271 excolendo
617 3181 738 3259 essent.
810 3177 867 3255 111.
893 3179 941 3253 Vt
966 3175 1089 3254 nullus
1113 3199 1160 3252 ex
1185 3173 1433 3256 Abbatibus
1417 3199 1479 3275 Jus
1510 3176 1645 3256 habeat
1674 3178 1699 3255 s
1689 3203 1749 3257 ne
1785 3179 2021 3264 visitatorum

388 3309 560 3411 poniensu
523 3307 730 3384 sFratres
764 3295 949 3392 religiosos
977 3306 1043 3371 aut
1075 3294 1178 3372 domi
1203 3296 1405 3383 retinendi,
1460 3308 1581 3380 aut-e·
1605 3297 1710 3375 scolis
1732 3299 1884 3376 domum
1914 3323 2026 3393 reuo-

387 3431 529 3515 candiz.
560 3426 622 3503 lV
648 3419 815 3519 Denique
839 3427 880 3494 rt
906 3416 1029 3510 lingua
1059 3414 1189 3502 latina,
1223 3416 1422 3503 Hebraica,
1448 3421 1488 3498 dr
1518 3419 1676 3504 Graeca,
1717 3418 1881 3519 aliaeque
1906 3420 2022 3499 nias.

392 3551 513 3654 piiuae
539 3547 576 3624 dt
600 3540 791 3641 praecipue
812 3535 1010 3631 Theologla
1034 3537 1224 3624 doceatur,
1257 3538 1487 3637 studiumque
1511 3536 1603 3615 illud
1632 3536 1707 3616 sure
1729 3540 1899 3617 omnium
1920 3539 2024 3623 Cone

303 3669 305 3673 ’
389 3671 660 3755 foederatorum
684 3659 871 3736 Abbatum
896 3654 1123 3732 consenuere
1147 3675 1348 3755 numquam
1372 3654 1589 3735 dissoluatur.
1642 3657 1825 3748 Abbates,
1847 3661 1913 3761 qui
1937 3662 2022 3756 inne

271 3828 274 3835 ·
392 3793 450 3872 tto
482 3787 630 3867 foedere
673 3779 776 3856 hisce
808 3776 948 3871 legibus
984 3776 1273 3874 subscripserunt,
1316 3786 1446 3854 eraut·
1502 3774 1719 3875 Wolffgongru
1754 3779 2022 3879 Camplmssrr.

391 3912 559 3991 cemus
580 3905 694 4005 nossa,
737 3898 921 3972 &malm
945 3896 1182 3986 Oromenus,
1220 3896 1395 3974 Heinricas
1421 3894 1652 3992 erlsngaraus,
1684 3893 1814 3976 emas
1837 3897 2023 3998 Vrsnerfir,

392 4032 544 4115 nunus
570 4017 801 4119 Zwifmdaasu
841 4011 977 4101 Titum
1001 4015 1279 4112 Dowwadrnsss
1295 4018 1343 4097 dt
1367 4016 1518 4112 Georgius
1542 4011 1804 4115 Orlffmlrrsaaur.
1896 4064 1900 4071 .
2014 4046 2023 4069 ι

367 4236 371 4244 ¹
488 4266 539 4344 Et
561 4258 732 4363 quamuis
754 4253 884 4335 variae
902 4252 971 4330 sese
996 4257 1219 4353 obponerent
1242 4252 1503 4349 Difficultatee,
1536 4253 1752 4352 quominus
1774 4182 1930 4333 salutare
1935 4176 2024 4334 hoe

392 4380 632 4468 Ιιιιιίιιιιιιιιι
622 4403 660 4457 rn
684 4374 894 4473 legoniensr
920 4375 1044 4453 saltem
1068 4377 1164 4470 Pago
1188 4376 1238 4453 ad
1259 4384 1426 4484 optatum
1449 4374 1703 4470 perdoceretur
1724 4386 1925 4461 euentum·-
1939 4375 2023 4454 An-

392 4511 495 4593 bates
519 4516 643 4582 manen
665 4496 796 4576 serlum
828 4492 985 4572 habuisse
1016 4494 1202 4584 animum,
1235 4492 1368 4594 partim
1391 4516 1440 4569 ex
1470 4516 1516 4569 eo
1538 4492 1672 4591 liquet,
1711 4495 1821 4593 quod
1835 4491 2024 4577 pontons

393 4630 536 4736 ΙἹιιιιιιιι
566 4621 706 4724 Jacplrrt
742 4620 778 4694 de
811 4615 947 4696 Landau
976 4619 1010 4691 in
1038 4612 1135 4693 Wau
1168 4615 1347 4712 Praescisse
1361 4613 1640 4712 Nelanammsc
1673 4615 1712 4712 b)
1754 4616 1893 4700 eodem
1919 4636 2024 4812 Ἂάιια

1981 4755 2023 4812 te

406 4872 472 4954 a)
499 4861 799 4946 Tanoupeos
908 4854 944 4933 b)
967 4850 1091 4945 nup
1106 4863 1187 4943 348
