4276 5670
18 394 34 416 ’
190 394 193 400 ·
264 375 346 468 45ε
871 322 1293 456 §macoma

293 588 295 592 v
366 549 483 629 Addit
506 547 549 625 lt
568 543 775 624 R'Gobriel
797 542 996 631 Buzelr'nus,
1031 563 1123 639 quae
1142 538 1205 617 iibi
1230 553 1318 618 nanc
1344 540 1570 639 contigerint.
1636 544 1898 629 Primilsarium

269 679 359 754 tunc
382 672 501 765 a'geuti
533 669 623 745 mihi
646 665 858 744 nuntiabam
880 646 966 738 corb
992 661 1068 757 jam
1095 664 1209 737 sacras
1235 661 1430 740 induturus
1455 665 1561 743 edero
1585 667 1718 749 uestes,
1753 668 1898 745 nouem

268 813 401 866 onmes
430 789 608 865 Coerrobii
638 801 762 887 portas
797 785 891 860 arne
915 780 1094 857 obsrdere:
1140 794 1360 880 rogatusque
1386 783 1475 881 quid
1498 773 1621 862 facere
1641 786 1900 885 disponerem?

270 910 468 996 celebrare,
511 909 685 1006 iuquam,
716 904 832 982 voloz·
862 924 982 1000 neque
1009 900 1109 975 enirn
1136 903 1287 978 meliore
1313 925 1376 978 rne
1407 903 1489 979 loco
1514 905 1673 993 hostem,
1707 911 1823 1005 quam
1848 908 1898 984 ad

269 1024 374 1106 aiarn
397 1027 700 1126 deprehensorum
722 1022 801 1098 elle.
873 1022 994 1096 Sacris
1025 1020 1127 1118 proin
1152 1034 1325 1119 operatus
1341 1046 1415 1097 non
1429 1021 1505 1098 noe
1530 1023 1696 1121 singulari
1718 1027 1755 1102 N
1758 1026 1898 1104 uminis

267 1151 386 1246 gratia
421 1148 515 1223 nihil
544 1147 769 1223 tentantibus
802 1140 949 1216 interim
984 1139 1160 1224 hostibus,
1205 1141 1435 1238 postmodum
1466 1166 1552 1220 cum
1587 1125 1899 1225 Reuereudissrmo

270 1271 317 1344 D.
340 1269 484 1348 Abbate
513 1271 549 1346 u
580 1267 729 1364 reliquia
752 1261 919 1337 Patribus
950 1282 1015 1357 per
1046 1284 1193 1335 murum
1221 1260 1402 1336 inferioris
1426 1262 1525 1339 horti
1544 1263 1641 1339 euasr
1674 1264 1711 1338 in
1744 1269 1898 1343 aornim

209 1410 213 1416 ·
269 1388 440 1466 Domini:
472 1386 601 1462 Suecie
629 1373 667 1460 in
691 1385 874 1461 desertum
905 1404 926 1454 a
952 1380 1057 1456 nobis
1082 1381 1341 1457 Monasterium
1368 1395 1458 1456 tunc
1486 1383 1643 1480 primum
1675 1386 1749 1462 nim
1772 1387 1937 1467 inteu-¹¹

137 1563 142 1568 -
270 1508 452 1591 tontibus,
489 1528 575 1580 oum
598 1506 674 1601 J'am
701 1527 832 1580 omnes
865 1499 1038 1597 insyluaa
1068 1499 1305 1578 enaiiilemuc.
1353 1499 1440 1574 Fuit
1464 1502 1537 1578 boc
1562 1504 1755 1589 ultimum,
1796 1508 1897 1603 duod

268 1639 360 1704 tunc
383 1626 473 1713 ieci,
508 1624 547 1699 in
569 1624 787 1701 Monasterio
815 1622 971 1706 acram,
1001 1643 1093 1695 cunr·
1112 1621 1286 1716 deinceps
1311 1621 1420 1715 longo
1449 1633 1612 1720 ternpore
1638 1624 1746 1730 sacris
1776 1628 1818 1703 dr
1844 1627 1897 1700 sa·

267 1742 425 1852 craficiis
450 1743 536 1820 ellet
555 1744 784 1830 destitutum,
815 1743 853 1820 ἀ
875 1740 1170 1816 praedicantibus
1193 1740 1420 1817 Acatbolici'c
1444 1742 1593 1853 subesset
1621 1743 1750 1820 ansere
1766 1748 1809 1825 dr
1829 1745 1896 1822 ho·

119 1865 122 1868 ’
211 1874 212 1879 '
268 1866 395 1945 stiliter
419 1863 622 1964 direptum,
655 1888 731 1940 non
760 1861 835 1938 fine
859 1858 1034 1960 prodigiis
1058 1859 1208 1935 subinde
1236 1861 1499 1937 conseruatum.
1530 1901 1539 1921 ν
1626 1875 1627 1878 ‘

365 2102 476 2181 Anno
504 2108 608 2195 1⁶35.
630 2100 869 2178 Calamitates
895 2096 1039 2174 Patriae
1058 2098 1198 2173 nostrae
1227 2097 1348 2195 plures
1378 2096 1519 2186 intulit,
1550 2122 1660 2198 quam
1685 2102 1894 2180 memorari

270 2225 310 2304 dr
343 2222 513 2320 explicari
543 2232 689 2318 queant.
775 2218 974 2295 Saeuiebat
997 2219 1099 2294 enim
1130 2218 1254 2302 mileo,
1307 2221 1522 2314 grassabatur
1566 2222 1675 2319 pestis
1699 2225 1740 2300 dr
1772 2246 1897 2301 rerum

265 2327 433 2433 omnam
462 2341 602 2418 somma
621 2341 756 2415 carno
784 2339 1032 2416 munerabat.
1086 2338 1256 2415 -nnnom
1281 2339 1469 2416 insolentia
1495 2342 1795 2436 ardemanno
1818 2342 1894 2418 aas

267 2464 472 2562 modosque
502 2484 632 2537 omnes
663 2459 874 2543 occluserat,
925 2482 974 2533 ne
1006 2456 1063 2535 vel
1090 2457 1164 2551 agri
1187 2458 1258 2532 coli
1282 2459 1338 2534 vel
1366 2461 1591 2536 frumentum
1622 2464 1659 2537 dr
1687 2459 1799 2538 vinni
1831 2483 1894 2538 ue·

186 2676 198 2685 ⁶
271 2580 415 2661 cellaria
438 2579 513 2655 alio
543 2578 675 2655 aduehi
695 2571 843 2676 possent
917 2576 1016 2690 Hinc
1048 2575 1145 2652 same
1175 2577 1406 2674 plurimis&
1435 2579 1531 2678 peste
1556 2581 1784 2678 pereundum
1813 2581 1893 2658 suit.

248 2696 403 2781 'names
427 2711 532 2774 tanta
557 2708 655 2784 erat,
690 2709 738 2787 ut
765 2697 876 2772 etiam
901 2699 1082 2771 cadauera
1108 2695 1243 2772 sueri-nt
1269 2697 1387 2774 effossa
1412 2700 1450 2777 dr
1465 2701 1659 2776 'deuorata
1726 2697 1895 2800 'Alsotr'oe

268 2820 410 2899 incolae
442 2817 666 2914 magistratus
698 2817 872 2892 accessere
896 2815 1055 2914 petitum
1082 2816 1294 2909 facultatem
1319 2818 1516 2900 effodiendi
1540 2821 1719 2908 cadauera
1755 2823 1797 2898 dr
1832 2810 1895 2894 c'o·

268 2938 458 3027 medendi,
483 2937 580 3039 quod
607 2937 780 3015 basiecua
808 2937 1025 3014 inauditum.
1090 2936 1258 3044 Augustae
1286 2937 1532 3016 Vindelicorron
1559 2940 1660 3037 puori
1683 2940 1796 3017 multi
1822 2939 1894 3015 sur·

260 3052 424 3161 reptidi
456 3057 566 3135 amisii
596 3057 699 3144 sunt,
737 3056 837 3133 baud
866 3058 974 3133 dubie
996 3056 1139 3133 victima
1163 3057 1245 3134 faui
1276 3057 1315 3133 in
1342 3061 1497 3157 saginam
1525 3053 1798 3148 famelliooruria
1858 3061 1894 3135 Α

269 3181 387 3260 milite
410 3190 489 3254 tam
520 3176 723 3275 Caesareano
747 3199 861 3274 quarn
886 3174 989 3254 Sorco
1013 3162 1189 3271 quantum
1219 3178 1291 3252 sola
1317 3176 1438 3256 Sraeroiu
1466 3179 1625 3279 perpessa
1648 3179 1720 3267 slt‚'
1737 3180 1804 3258 uix
1830 3202 1894 3257 ex·

268 3299 376 3404 prirni
397 3295 529 3398 potest,
567 3295 697 3373 verbo:
738 3297 871 3396 ubique
900 3293 1042 3370 miseria
1061 3299 1103 3374 dr
1126 3295 1327 3374 calamitae.

364 3537 497 3615 Annus
527 3544 629 3630 ango.
654 3533 772 3633 priore
802 3556 929 3630 parurn
958 3533 1113 3618 felicior,
1159 3561 1212 3610 ro.
1237 3538 1315 3635 Jan
1352 3557 1437 3612 cum
1468 3534 1610 3633 equites
1632 3518 1895 3635 Cathaplnatii

269 3661 412 3738 Comitis
440 3655 595 3742 Sestilia,
632 3654 697 3753 qui
729 3644 902 3730 lraitenus
942 3651 1173 3754 Ronmspnrgi
1206 3663 1246 3734 dr
1279 3658 1338 3730 his
1369 3654 1498 3731 vicinis
1531 3656 1569 3730 in
1603 3655 1693 3730 locis
1725 3657 1895 3755 hyberna

269 3789 478 3861 tenuerant,
525 3772 678 3868 satisque
700 3771 890 3848 insolenter
912 3773 948 3845 se
976 3775 1172 3865 gesserant,
1210 3777 1307 3850 abire
1337 3777 1423 3851 hinc
1451 3776 1734 3875 mandarentur„
1770 3779 1894 3856 villam

267 3899 425 3978 nostram
460 3892 681 3971 Wczioreutin
709 3891 983 3968 combusserunt.
1039 3892 1185 3967 Rustico
1211 3895 1388 3990 cuipiam,
1428 3893 1494 3987 cui·
1510 3917 1645 3968 nornen
1674 3893 1804 3993 Boser,
1843 3901 1895 3976 fu.

269 4041 355 4097 nem
385 4037 498 4092 vnum
533 4013 646 4099 collo,
688 4013 841 4087 alterurn
861 4011 1029 4119 verendis
1061 4014 1223 4107 partibus
1261 4014 1481 4109 injecerent‚
1523 4012 1641 4110 neque
1667 4012 1894 4098 horrendum

269 4139 315 4216 ln·
335 4137 485 4215 modum
512 4133 679 4208 miserum
705 4131 892 4207 hominem
918 4129 1134 4204 intolerabili
1153 4133 1278 4208 dolore
1304 4134 1389 4208 hinc
1412 4133 1497 4206 inde
1520 4144 1727 4220 traxerunt,
1755 4150 1798 4212 vt
1815 4162 1894 4237 pro-

214 4267 218 4277 '
266 4257 465 4358 perandum
486 4251 761 4327 exanimaretur.
811 4251 1033 4326 Generosum
1056 4252 1165 4327 ararici
1192 4257 1231 4330 dr
1259 4251 1460 4327 Caesariani
1487 4251 1615 4325 militis
1642 4253 1809 4332 facinus!
1848 4262 1896 4336 de

268 4378 432 4478 pluribus
472 4371 551 4446 aliis
579 4369 753 4445 siendum
786 4369 895 4444 satius
932 4393 1044 4466 quarn
1082 4374 1300 4448 dicendum
1358 4369 1476 4454 Quale
1506 4370 1544 4444 id
1580 4373 1678 4469 quod
1715 4373 1895 4475 sequitu:

269 4497 393 4574 Mense
415 4489 511 4586 majo
537 4493 631 4564 duos
656 4489 856 4564 sacerdotes
885 4502 1010 4585 captos
1037 4490 1236 4576 inhumano
1268 4493 1306 4568 dr
1341 4489 1506 4564 inaudito
1538 4492 1648 4567 modo
1681 4492 1733 4567 ita
1767 4523 1897 4578 exau-

268 4616 410 4693 ciaruut
437 4612 545 4687 Ducis
572 4608 616 4683 de
639 4608 786 4684 Modcna
814 4609 970 4695 milites,
1003 4610 1096 4686 haec
1123 4633 1186 4708 per
1211 4612 1290 4687 loca
1315 4612 1563 4686 transeuntes.
1598 4612 1636 4688 dr
1664 4614 1826 4714 Hifirrm
1857 4622 1894 4698 in

270 4734 376 4812 Italia
404 4725 605 4807 militati-ui.
657 4725 781 4806 Vnum
807 4728 971 4806 medium
997 4752 1061 4828 per
1089 4741 1255 4808 ventrem
1278 4729 1371 4807 serra
1397 4723 1648 4818 dissecuerunt.
1704 4734 1804 4815 nem
1831 4763 1896 4825 an.

1781 4860 1892 4937 deren
