4276 5670
1092 300 1094 304 ,
1528 258 1542 294 a

724 389 1142 480 emme
1672 400 1745 477 299
1875 475 1878 479 ,
1917 348 1919 352 ⁸

121 568 225 649 tratti
254 566 427 645 summam
456 531 649 654 inminuit,
686 566 744 644 sed
767 565 805 643 dr
828 577 988 642 veterem
1014 587 1062 640 ex
1085 561 1250 640 Instituto
1280 561 1320 638 S.
1344 564 1383 639 P.
1417 560 1605 640 Benedisii
1638 559 1748 637 Disci-

121 690 260 789 plinam
288 685 513 785 pedetentim
545 707 628 762 cum
658 685 879 783 Discretione
911 684 1153 763 &suauitate
1184 684 1223 758 in
1263 681 1421 759 nostrum
1457 686 1494 761 dr
1526 682 1596 758 alia
1634 681 1749 759 etiam

123 804 262 885 ordinis
293 817 402 905 atque
433 803 722 900 congregationis
750 802 889 879 noslrae
918 801 1134 880 Monasieria
1163 800 1331 884 induxit,
1368 802 1556 899 eresiaque
1581 803 1617 878 dr
1643 824 1665 874 a
1696 799 1749 874 se·

124 929 173 1005 de
195 925 385 1024 apostolica
411 924 625 999 confirmata
650 921 924 1022 Diurcefirrrorum
939 921 1110 1001 Aliarum
1128 918 1407 1020 Congregutioue,
1432 920 1612 996 stabiliuit.
1650 918 1748 996 Cum

125 1043 294 1122 consensu
316 1041 496 1141 Episcopi,
538 1040 767 1139 Capitulique
787 1065 917 1140 omnes
944 1041 1125 1142 Exposttor
1149 1039 1332 1139 Religiosus
1355 1040 1521 1127 reduxit,
1559 1042 1596 1117 dr
1617 1037 1748 1113 Paroe·

124 1163 201 1240 cias
227 1161 561 1260 Praeposturasque
585 1159 799 1236 secularibus
828 1160 1070 1261 sacerdotibus
1095 1154 1270 1234 instruxit.
1333 1158 1475 1258 Dignus
1506 1159 1589 1234 sane
1612 1158 1748 1234 inmor-

123 1282 190 1360 tali
231 1281 409 1358 Memoria
451 1280 489 1358 &
524 1267 803 1356 Benedidiione:
857 1280 1080 1357 &cultam
1110 1277 1202 1353 bene
1238 1277 1287 1352 de
1325 1278 1431 1353 nobis
1468 1279 1616 1362 merito,
1661 1299 1747 1374 prae

122 1400 299 1477 omnibus
323 1400 575 1495 Praerogatiua
597 1396 733 1498 secundi
762 1399 963 1474 Fundatorls
986 1397 1222 1473 adtribuatur.
1279 1393 1315 1471 A
1340 1395 1435 1473 Viris
1463 1396 1661 1494 praecipuis
1681 1418 1748 1494 pro

126 1516 423 1596 illuminatiffimo
448 1518 613 1604 habitus,
658 1516 846 1614 Vulgoque
870 1517 1049 1614 speculum
1078 1515 1281 1602 Abbatum,
1322 1513 1431 1590 Pater
1458 1517 1678 1613 Pauperum,
1708 1512 1749 1590 dr

125 1637 355 1716 Humilitatis
377 1636 572 1734 Exemplar
596 1635 723 1714 ditius
782 1636 881 1722 Obiit
907 1660 1004 1712 anno
1028 1659 1085 1733 70.
1117 1634 1262 1710 Aetatis
1286 1636 1451 1710 nondum
1470 1633 1669 1732 completo,
1707 1631 1747 1708 in

128 1783 264 1835 nouam
276 1758 443 1834 Fratrum
456 1755 672 1854 sepulturam
686 1779 707 1830 a
722 1755 837 1852 seipso
849 1755 888 1831 in
899 1754 1025 1832 sacello
1040 1755 1078 1831 S.
1087 1751 1231 1833 Nicolai
1244 1752 1457 1832 exsirusiam
1469 1753 1601 1829 illaturs.
1616 1753 1670 1830 lta
1676 1751 1747 1829 ille.

220 1996 301 2072 Nos
332 1993 429 2070 tanti
463 1992 581 2069 Patris
608 1990 741 2069 Merita
764 1989 885 2069 fusiori
920 1989 1059 2066 calamo
1091 1987 1308 2087 exposituri,
1358 1991 1541 2071 scribendo
1570 1974 1747 2078 eundem,

127 2136 237 2212 quern
264 2112 336 2211 ipse
360 2113 519 2207 regendo
545 2110 686 2200 tenuit,
716 2111 880 2186 ordinem
902 2109 1139 2193 seruabimus,
1172 2108 1330 2197 nullius,
1374 2123 1414 2190 vt
1439 2111 1639 2211 speramus,
1664 2107 1747 2187 Ari·

128 2229 256 2308 starchi
284 2228 445 2305 obeliscis
461 2229 669 2326 jugulandi,
701 2227 725 2303 sr
749 2252 869 2305 rerum
896 2228 1072 2323 gestamm
1098 2228 1282 2325 Expositio
1318 2230 1523 2326 Regimiuis
1553 2230 1749 2328 adsequuta

127 2349 237 2426 firerit
265 2347 488 2426 felicitatem.
545 2349 669 2427 Abbas
695 2347 804 2444 igitur
831 2359 872 2425 vt
895 2346 1083 2436 Fabricae,
1117 2369 1229 2446 quarn
1252 2349 1482 2434 moliebatur,
1519 2349 1750 2426 Fundamen-

128 2464 214 2544 trrm'
239 2468 383 2543 firmum
410 2478 595 2564 poneret,¹
621 2479 731 2565 atque
754 2467 850 2544 viros
877 2490 951 2543 non
981 2467 1079 2555 fine,
1121 2467 1182 2544 sed
1208 2490 1292 2545 vere
1319 2473 1357 2550 dr
1381 2470 1491 2548 solide
1514 2469 1595 2566 pios
1617 2465 1750 2564 produ·

122 2597 249 2675 cerer,
274 2589 319 2664 ab
334 2585 534 2662 officiorum
554 2585 773 2682 Cognitione
794 2610 942 2665 omnem
963 2588 1077 2664 ferme
1099 2608 1225 2664 eorum
1247 2586 1553 2688 Exsequutionem
1572 2587 1748 2686 pendere,

128 2707 240 2805 probe
264 2704 463 2791 intellexit,
503 2705 745 2799 Ignorantiam
778 2731 845 2784 ceu
870 2705 1138 2784 coenobiorum
1165 2706 1304 2786 Pestem
1330 2709 1542 2785 detestatus.
1603 2699 1751 2785 'Verum

128 2847 244 2923 quum
262 2825 308 2898 ad
322 2835 468 2899 exteras
484 2824 742 2913 Academicus,
767 2825 1042 2902 domesticorum
1058 2823 1255 2902 notrorum
1282 2826 1404 2922 inopia
1418 2830 1580 2912 coaslns,
1602 2825 1750 2903 mittere
1856 2829 1857 2832 ‘

120 2942 326 3038 'Religiosos
353 2966 480 3018 recens
505 2955 613 3037 natos
628 2944 792 3028 deberet,
819 2943 1028 3042 solitamque
1048 2941 1184 3020 ibidem
1202 2943 1350 3023 uiuendi
1369 2949 1547 3023 rationem
1571 2945 1748 3035 nosceret,

129 3062 329 3162 Dilr'rrgom,
371 3063 430 3138 vbi
456 3063 527 3158 ipse
552 3084 694 3160 quoque
721 3061 950 3139 scientiarum
977 3063 1016 3140 dr
1037 3061 1189 3138 Pietatis
1211 3065 1431 3142 documenta
1458 3064 1641 3151 hauserat,
1664 3085 1750 3162 prae

118 3183 272 3258 ·oererie
289 3180 419 3275 elegit,
456 3180 617 3278 expetito
647 3203 669 3256 a
696 3180 911 3257 Prouinciali
941 3181 979 3256 S.
1005 3178 1035 3280 J.
1058 3180 1164 3266 Viro,
1205 3183 1267 3281 qui
1295 3184 1442 3260 Plantas
1471 3188 1509 3265 dr
1529 3183 1670 3271 fouere,
1709 3184 1751 3280 dr

117 3308 282 3401 *purgare
307 3300 427 3397 posset
492 3299 616 3378 Missus
639 3299 689 3376 eli
721 3303 761 3374 Ρ.
781 3301 896 3399 Julius
920 3300 1185 3388 Prisciacensrs,
1230 3305 1294 3402 qui
1322 3315 1517 3401 conceptas
1536 3304 1586 3379 de
1613 3302 1648 3378 se
1672 3302 1750 3400 spen
1905 3369 1914 3378 .

118 3419 279 3514 majori,
322 3432 430 3517 quam
456 3441 522 3515 pro
552 3417 842 3515 Exspedatione,
896 3418 1060 3495 mensura
1087 3420 1325 3518 adimplenda
1372 3424 1484 3511 adeo,
1522 3433 1581 3507 vt,
1636 3442 1751 3519 quum

99 3549 101 3551 ’
131 3558 228 3614 anno
253 3545 357 3630 1596.
382 3561 404 3612 e
427 3536 562 3624 vineis,
597 3560 670 3635 quo
692 3541 738 3615 ab
761 3538 906 3614 Abbate
933 3536 1045 3614 animi
1067 3536 1294 3616 exhilarandi
1323 3541 1439 3637 gratia
1467 3540 1645 3619 inuitatus
1672 3539 1751 3616 fin·

130 3668 206 3750 rat,
244 3657 361 3732 redire
383 3656 430 3730 ad
451 3654 714 3734 Prouincialem
747 3657 940 3753 cogitaret,
980 3657 1040 3731 bis
1063 3654 1253 3735 inlirustus
1277 3660 1427 3736 Litteris
1455 3684 1511 3756 15.
1540 3658 1750 3738 Decembris

117 3774 329 3853 urceum
347 3773 414 3870 ki:
466 3771 681 3863 „arama
706 3772 844 3852 Pueri.
878 3775 985 3852 Nutu
1018 3773 1058 3853 Ρ.
1085 3756 1230 3881 puub
1247 3782 1320 3879 fin
1351 3784 1431 3863 mers
1459 3781 1506 3857 aa
1528 3804 1587 3858 aas
1609 3777 1751 3856 uuna

117 3891 266 3986 ‹„abire.
341 3891 485 3969 Otiosm
525 3903 624 3968 certe
651 3896 745 3991 apud
781 3918 850 3971 nor
880 3894 942 3970 ille
975 3895 1170 3980 nonfuit,
1208 3899 1372 3995 quotidie
1400 3899 1476 3976 sere
1515 3901 1608 3976 duas
1640 3897 1751 3975 horas

116 4048 156 4100 ·,‚
164 4011 392 4101 exhortando
426 4011 588 4109 publice,
637 4014 892 4100 diducendo,
946 4025 1165 4109 occupatum
1222 4017 1321 4113 quod
1354 4015 1532 4114 reliquum
1574 4015 1750 4114 temporis
1883 4089 1884 4092 r

116 4130 247 4222 ‘„firit,
290 4131 328 4205 id
349 4131 386 4205 in
409 4131 550 4228 priuata
577 4131 778 4230 colloquia,
830 4157 922 4231 quae
950 4153 1035 4208 curn
1062 4127 1206 4226 singulis
1237 4157 1300 4230 pro
1323 4134 1518 4230 cujuslibet
1543 4147 1672 4232 captu,
1709 4137 1752 4217 dt

130 4249 368 4342 „necessitate
398 4249 524 4324 habita
549 4249 647 4339 sunt,
680 4251 851 4329 collatum
880 4251 948 4337 est.
983 4250 1042 4328 sed
1067 4250 1106 4328 &
1135 4251 1359 4348 excipiendis
1382 4255 1657 4333 confessionibus
1674 4277 1750 4332 non

130 4391 288 4469 „parum
316 4367 493 4444 sudatum.
569 4368 774 4455 Vtilitatem
801 4371 840 4450 dc
867 4371 1020 4450 frustum
1048 4368 1160 4464 hujus
1184 4369 1336 4459 laboris,
1375 4395 1444 4471 ego
1472 4376 1653 4463 maxime,
1690 4370 1751 4451 oui

114 4508 153 4580 ·„
163 4489 307 4587 pondus
329 4486 405 4562 diei
433 4490 470 4565 dr
496 4487 612 4563 aelius
633 4489 829 4577 incumbit,
863 4514 925 4568 me
947 4494 1197 4588 percepturum
1226 4493 1384 4571 consido.
1448 4497 1548 4576 Noni
1573 4492 1671 4594 quas
1692 4493 1751 4572 ri·

129 4663 156 4700 „
164 4610 310 4694 demur,
350 4607 434 4683 farti
462 4606 651 4701 homines,
685 4611 871 4712 animique
902 4608 1009 4692 valde
1037 4607 1174 4686 accensa
1190 4667 1192 4671 -
1207 4623 1391 4710 apparent.
1466 4613 1539 4696 Pro
1568 4611 1640 4694 hac
1663 4632 1751 4692 vero

54 4826 57 4833 ,
955 4727 1064 4827 Pas
1607 4731 1751 4824 ‚ostra

168 4847 208 4933 k)
233 4845 315 4916 Tor».
336 4841 553 4937 34.fhl.103.
1375 4860 1409 4873 ·‘
1484 4896 1489 4903 .
