4276 5670
410 356 413 361 ’
500 362 571 443 2⁵8
1103 346 1521 441 wamma»

399 603 402 611 ,
503 527 550 602 de
572 521 769 622 nonaginta
790 545 925 601 nouem
945 520 1058 618 justia.
1109 525 1310 604 Hortamur
1324 526 1447 620 igitur
1467 528 1504 603 dt
1531 524 1753 603 obtetanum
1781 523 2050 607 paternitatem
2071 552 2130 609 ve·

502 646 608 721 stram
635 668 698 743 per
723 644 841 742 Jesum
870 642 1072 727 Christum,
1115 657 1156 721 vt
1178 668 1250 741 qua
1277 645 1396 742 coepit
1420 644 1651 727 fortitudine,
1684 660 1810 743 pergat
1837 649 1984 727 strenue
2007 651 2129 727 aduer-

505 761 563 838 sus
590 762 789 839 potestates
818 762 1049 837 tenebrarum
1079 765 1286 846 decertare.
1320 763 1372 838 ita
1403 765 1507 840 austu
1539 763 1601 839 sibi
1623 765 1798 841 contiuuo
1824 766 2057 845 incremento
2077 754 2129 847 di-

504 881 592 960 vina
620 880 757 976 gratia,
786 881 894 955 facile
923 878 1071 976 posthac
1094 881 1278 971 ejusmodi
1299 882 1458 957 Satanae
1485 905 1605 968 arma,
1646 882 1812 972 insidias,
1854 886 2024 967 Fraudes
2046 914 2126 965 con·

502 999 707 1096 tempserit,
740 1000 855 1075 immo
881 1000 1002 1074 famae
1023 1022 1168 1098 quoque
1191 1000 1272 1075 suae
1299 1000 1480 1076 maculam
1506 1001 1656 1089 eluerit,
1680 1005 1889 1101 praesertim
1913 1020 2025 1085 extra
2047 1030 2125 1085 cou-

503 1122 660 1219 speum
683 1140 810 1194 eorum
831 1117 1043 1205 hominum,
1073 1118 1139 1216 qui
1160 1118 1363 1194 scandalosa
1388 1117 1649 1195 consuetudine
1671 1120 1895 1200 acerbissime
1915 1128 2000 1202 suut
2020 1122 2126 1201 osseu-

505 1239 548 1323 Ι,
581 1237 704 1335 procul
729 1239 878 1332 degens.
936 1239 1043 1322 Quod
1071 1261 1157 1315 vero
1184 1238 1232 1312 ad
1260 1237 1362 1313 suum
1385 1237 1458 1312 buc
1480 1238 1639 1315 reditum
1663 1239 1817 1330 attinet,
1855 1266 1966 1339 quem
1988 1243 2130 1319 videtur

503 1356 663 1434 molliter
685 1355 883 1432 admodum
904 1355 1120 1444 deonerare,
1158 1380 1206 1431 ne
1233 1356 1354 1432 dicam
1387 1357 1652 1452 imprudenter,
1696 1372 1806 1457 atque
1826 1384 1920 1465 *eam
1949 1364 2001 1437 ad
2032 1382 2128 1443 rem,

496 1477 627 1577 scripto
648 1477 839 1577 apostolico,
865 1475 903 1551 in
928 1499 1002 1573 quo
1019 1475 1134 1551 etiam·
1159 1498 1226 1569 ego
1253 1476 1444 1563 nominor,
1477 1476 1533 1552 vti
1556 1474 1671 1567 veise3
1696 1476 1742 1550 src
1766 1478 1904 1565 sentio.
1925 1480 1964 1557 dc
1980 1478 2126 1575 quiden

504 1620 552 1673 ex
576 1596 701 1671 animo
728 1594 944 1670 amicissimo·
962 1591 1278 1692 smeeriffimoque,
1313 1593 1547 1670 Patemitatis
1574 1594 1709 1671 vestrae
1730 1596 1865 1673 Famae
1892 1599 1930 1677 dr
1959 1595 2129 1681 Nomius,

453 1764 457 1770 -
492 1700 619 1793 ¹immo
652 1712 904 1811 tranquilli-tati
940 1716 977 1789 dt
1013 1712 1115 1786 saluti
1142 1712 1248 1809 piane
1283 1712 1484 1788 consultum
1514 1711 1617 1795 esse„
1644 1725 1687 1789 vt
1712 1727 1816 1791 extra
1835 1716 1908 1793 hou
1930 1714 2025 1793 sines
2046 1724 2128 1811 agat

502 1858 614 1934 quam
640 1832 800 1908 maxime
830 1829 966 1929 procui.
1034 1829 1131 1907 Nam
1155 1830 1255 1907 vt'iu
1282 1828 1477 1929 oppidum,
1506 1832 1544 1908 in
1568 1832 1849 1923 Monasterium,
1878 1834 1916 1909 iu
1943 1832 2126 1931 pristinam

501 1954 661 2051 denique
692 1950 907 2045 dignitatem
934 1949 1100 2038 redierit,
1124 1950 1213 2048 quid
1242 1950 1360 2036 aliud,
1387 1974 1496 2049 quam
1519 1974 1665 2033 eorum,
1706 1953 1769 2051 qui
1792 1952 1912 2028 offensr
1943 1952 2026 2029 suut
2044 1948 2126 2027 Iusi-

502 2072 582 2149 dias
607 2073 645 2149 ΙΙΙ
670 2071 851 2158 furorem,
893 2069 1111 2165 reliquorum
1142 2091 1228 2146 vero
1256 2069 1516 2147 scommata&
1553 2069 1715 2147 conuitia
1721 2084 1918 2171 perpetua
1947 2072 2126 2170 exspem

427 2249 433 2261 ,
501 2188 581 2269 bit‘.²
622 2211 694 2289 quo
723 2186 849 2272 vultu,
889 2188 1018 2286 quibua
1047 2188 1161 2265 nouis
1201 2187 1350 2265 audebit
1374 2170 1556 2264 conscium
1576 2164 1764 2293 populum
1794 2188 1956 2267 intueri?
2001 2212 2128 2267 nonne

502 2310 559 2389 vel
586 2308 735 2387 obuium
769 2306 930 2383 catulum
959 2331 1044 2383 cum
1071 2308 1210 2383 summa
1239 2306 1458 2413 verecundia
1480 2306 1710 2403 suspicabitur
1733 2309 1769 2383 se
1795 2302 2019 2387 criminaris
2041 2308 2128 2385 Pro·

499 2428 595 2506 sesto
615 2424 714 2502 nulia
734 2423 804 2499 erit
826 2425 923 2502 vitae
945 2426 1037 2503 auro
1067 2427 1282 2533 quatumuis
1304 2424 1456 2523 pudica,
1487 2449 1580 2524 quae
1604 2424 1643 2501 in
1674 2426 1894 2505 calumniam
1911 2448 1987 2503 non
2011 2424 2125 2527 rapie-

332 2555 336 2563 '
450 2589 453 2596 ·
500 2559 579 2630 tun
616 2556 656 2621 vt
682 2542 774 2619 nihii
795 2541 916 2631 dicam
945 2545 992 2619 de
1012 2544 1171 2639 pericuio
1197 2543 1345 2620 redibus
1369 2546 1415 2618 ad
1440 2545 1652 2628 Vomitum.
1690 2546 1961 2625 consuetudinis
1984 2568 2127 2625 memo·

500 2667 555 2743 ria
581 2663 659 2742 visu
674 2661 854 2737 refricata.
902 2660 962 2736 Est
986 2661 1084 2737 enirn
1115 2665 1225 2737 Satan
1247 2663 1360 2747 mirus
1384 2662 1514 2738 artifex
1539 2663 1578 2739 in
1600 2664 1755 2741 nostram
1777 2662 1990 2763 pem-iciem
2047 2666 2128 2745 ma·

499 2783 556 2881 jur
591 2783 641 2859 est
677 2782 777 2857 fama·
799 2803 905 2864 vero
941 2782 1069 2867 credo,
1112 2780 1227 2858 immo
1258 2795 1344 2879 opto
1373 2781 1621 2863 vanissuuamr
1667 2782 1728 2859 sed
1760 2782 1833 2860 hoc
1866 2783 1951 2861 sane
1978 2782 2125 2871 crimen

501 2903 598 3001 apud
621 2923 690 2977 noa
720 2922 766 2975 ex
797 2896 925 2973 diuina
953 2897 1146 2985 csementia
1178 2898 1352 2999 irattenus
1384 2900 1564 2993 ejusmodi
1587 2896 1761 2991 habetur,
1800 2914 1842 2979 vt
1866 2904 1988 3003 atium
2018 2904 2128 3003 plane

498 3021 709 3102 otnero,
747 3016 900 3117 quivos
932 3016 1109 3093 semelen
1140 3017 1223 3114 ejus
1260 3018 1494 3114 suspicionem
1525 3018 1688 3109 venerit,
1729 3044 1798 3097 nec
1814 2992 1915 3097 satis
1943 3018 1988 3099 sa
2020 3036 2125 3117 extr}

442 3198 445 3203 -
498 3162 635 3217 noxam
684 3138 774 3223 esse
826 3132 892 3211 nisi
929 3137 1050 3211 etiam
1090 3148 1195 3211 extra
1242 3136 1474 3232 suspscionem
1514 3164 1661 3217 onmem
1714 3138 1796 3237 quis
1841 3142 1966 3219 suerit
2042 3144 2129 3229 Quo

497 3260 564 3344 sit
612 3268 653 3334 vt
701 3279 860 3342 vererer,
913 3276 1134 3352 quamquam
1173 3255 1306 3355 alioqui
1348 3258 1395 3332 de
1437 3254 1525 3333 Pons
1510 3260 1616 3357 tificia
1654 3260 1859 3341 Audoritute
1904 3258 2131 3361 Potelsateque

496 3377 594 3455 nihil
613 3375 816 3471 ambigam
864 3396 913 3447 ne
959 3372 1050 3449 iliud
1089 3373 1314 3477 pontificium
1354 3373 1524 3472 Dipsoma
1561 3378 1822 3455 Patemitatem
1860 3378 2017 3459 vestrum
2047 3400 2127 3457 nun

497 3478 585 3575 satio
624 3506 745 3571 tutam
778 3492 890 3569 etiam
937 3462 1106 3569 redderet
1144 3492 1204 3568 his
1236 3492 1336 3569 iocis.
1424 3494 1533 3578 Quod
1566 3496 1715 3593 quidem
1745 3492 1936 3595 Dipsoma
1976 3494 2127 3575 simibi

472 3612 599 3717 'quasr-
625 3611 751 3719 ffiedici
782 3610 1012 3687 exhibebitur
1048 3604 1112 3704 (iu
1145 3633 1216 3710 quo
1246 3622 1369 3687 tamen
1409 3635 1469 3689 me
1504 3612 1712 3689 excusatum
1746 3613 1880 3691 babeat
1916 3616 2129 3695 paternitas

497 3733 629 3817 vestra,
656 3733 789 3809 obnixe
812 3730 966 3829 precor)
991 3731 1184 3807 decernam
1210 3730 1410 3832 Proceffion,
1441 3754 1550 3829 quem
1576 3744 1724 3819 vocant,
1747 3735 1975 3832 fulmineum.
2047 3734 2126 3825 Qui

496 3852 699 3935 Processus.
734 3847 972 3949 quantumin
999 3872 1045 3923 eo
1072 3848 1336 3934 submonendo,
1361 3847 1424 3947 qui
1449 3850 1681 3925 Paternitatis
1710 3850 1844 3927 vestrae
1864 3854 1986 3931 locum
2010 3877 2126 3932 occu·

495 3988 580 4077 pat,
604 3970 783 4073 proderit,
814 3991 886 4065 ego
908 3966 1085 4065 Episcopo
1117 3981 1181 4045 aut
1210 3968 1313 4045 atteri
1338 3967 1518 4045 ordinario
1541 3967 1660 4065 Judici
1685 3970 1864 4069 permitto.
1932 3971 2015 4051 Hoc
2034 3996 2124 4071 pro·

495 4097 592 4175 teau
616 4090 712 4179 scio
749 4091 849 4189 quod
866 4086 999 4163 laesam
1019 4086 1177 4195 grauiter
1205 4084 1438 4163 Patemitatis
1461 4086 1596 4163 vestrae
1620 4084 1756 4165 famam
1773 4088 1890 4167 musto
1911 4088 2024 4181 etiam
2036 4114 2123 4189 gra·

497 4216 577 4295 rius
604 4213 746 4295 laedet
783 4228 897 4308 quum
920 4206 1033 4305 ipsum
1065 4205 1312 4303 apostolicum
1348 4206 1535 4305 seriptum,
1587 4204 1727 4305 inquo
1763 4208 1967 4285 Patemitaa
2000 4210 2122 4293 uestra

495 4336 638 4429 culpam
663 4332 816 4410 sbtetur,
839 4324 949 4421 vulgo
970 4324 1164 4420 sugendum
1187 4325 1428 4401 exhibebitur
1512 4326 1757 4424 Quapropter
1784 4328 1950 4403 omnium
1977 4330 2122 4407 consus·

495 4456 662 4532 titionum
685 4444 943 4543 iudicauerirn,
971 4457 1012 4520 ut
1034 4444 1237 4519 Paernitas
1264 4444 1375 4519 vestra
1395 4444 1591 4540 quamsibot
1618 4459 1750 4521 terram
1774 4468 1837 4541 pro
1862 4448 1980 4523 Patria
2014 4449 2119 4525 sorti·

494 4588 551 4651 ter
580 4571 793 4647 aestimans,
839 4566 885 4638 de
912 4564 1030 4638 red-itu
1059 4563 1151 4636 nibil
1176 4566 1374 4661 cogitaret,
1410 4564 1470 4641 sed
1498 4567 1535 4638 in
1569 4563 1640 4636 hoc
1667 4564 1802 4661 scriptis
1831 4568 1877 4640 ad
1906 4567 2120 4647 monasterii

495 4695 546 4771 sui
570 4689 769 4766 Praefectos
793 4684 987 4767 niteretur,
1029 4696 1068 4758 vt
1090 4680 1155 4758 fibi
1178 4682 1215 4756 in
1244 4682 1399 4775 singulos
1428 4707 1545 4757 aornos
1571 4697 1707 4758 certam
1732 4685 1908 4780 pecuniae
1933 4685 2117 4768 summam

2040 4831 2110 4905 pro
