4276 5670
250 382 303 460 Ῑ44
856 368 1276 465 *memo*

346 530 383 641 ¹7.
410 541 571 621 Traditio
592 543 661 630 est,
688 543 870 623 idioticam
890 546 990 623 hunc
1014 546 1049 624 S.
1068 553 1197 624 Conradt
1218 549 1346 624 Patrem
1367 549 1407 626 in
1424 546 1666 628 'Aitdorffenii
1690 550 1877 630 Asceterio

249 663 433 741 tumulum
455 664 644 753 inuenisse,
667 667 714 742 de
734 667 853 742 Matre
876 690 919 743 ac
939 667 1123 745 Fratribus
1150 669 1307 767 affirmat
1332 671 1404 745 Wta
1426 671 1465 742 S:
1486 673 1617 746 conradi
1630 671 1784 748 Saeculo
1798 672 1878 770 XII.-

147 788 177 872 ¹,
251 783 399 872 eadem,
425 808 498 883 qua
522 785 704 865 Chronica
728 787 774 861 de
799 786 937 862 Gueliis
965 810 1078 865 manu
1104 801 1269 874 exarata,
1313 774 1495 888 sequentia
1526 787 1662 867 ibidem
1687 790 1879 888 leguntur:

218 966 220 970 Α
255 903 321 983 Vbi
343 926 444 983 utrae
463 930 574 1002 quoque
591 906 631 983 dt
653 929 730 981 resa
755 930 823 980 curn
840 906 929 981 diliis
940 909 1009 1002 suis
1033 909 1167 1003 liudolfo
1182 924 1269 1006 otrpu
1293 909 1430 1001 Wt'onr
1448 926 1568 1006 corpore
1578 894 1698 1006 sepulta
1713 914 1877 1010 requiescit.

250 1024 354 1103 Haec
374 1047 460 1122 ergo
483 1023 643 1121 Corpora
661 1029 765 1101 Secuto
780 1025 845 1098 XI.
863 1048 885 1100 a
904 1025 1039 1120 Wffme
1056 1032 1144 1102 tertio
1160 1027 1234 1104 huc
1257 1028 1296 1104 iu
1320 1026 1460 1105 Mentem
1480 1030 1518 1104 S.
1542 1027 1683 1104 Martini
1700 1031 1877 1109 translata

249 1147 325 1222 nou
343 1144 439 1231 sunt,
465 1156 506 1221 vt
522 1144 725 1221 recentiora
746 1147 926 1244 quaedam
947 1147 1208 1235 Monumenta,
1236 1147 1274 1224 dc
1298 1146 1505 1224 communis
1524 1145 1700 1225 Persuasro
1717 1150 1879 1238 habent,

150 1258 153 1265 ’
216 1336 225 1355 ,
249 1276 376 1342 contra
393 1263 522 1355 Eidem
538 1264 773 1369 indubiorum
787 1266 827 1343 dt
841 1265 1162 1364 antiquiiiimorum
1187 1267 1295 1343 MSS.
1315 1266 1535 1344 nostrorum:
1560 1265 1676 1345 immo
1693 1261 1886 1348 contradi·

121 1444 124 1449 .
248 1396 356 1462 ceute
373 1382 448 1483 ipso
470 1382 753 1482 Chronographo
775 1387 821 1462 de
841 1383 999 1472 Gueifis‚
1026 1385 1089 1484 qui
1112 1386 1155 1463 C.
1175 1386 1249 1465 VII.
1279 1386 1471 1465 distinttim
1504 1400 1712 1492 enumerat,
1744 1373 1891 1486 quorum

250 1502 329 1581 offa
344 1504 391 1580 de
411 1501 508 1582 Vilia
529 1505 569 1580 in
594 1504 631 1580 S.
651 1503 800 1581 Martini
825 1505 995 1582 Mentem
1019 1506 1196 1581 translata
1218 1506 1316 1596 sunt,
1341 1529 1473 1609 nempe
1495 1506 1665 1603 Panope
1686 1506 1805 1603 Guatfi,
1830 1512 1876 1599 δ’
1950 1597 1953 1601 ‚

249 1624 365 1699 Patrue·
386 1623 530 1698 Heirur'ci
551 1621 665 1720 (iilius
690 1624 842 1713 scilicet,
874 1623 937 1724 qui
959 1623 998 1699 in
1020 1624 1122 1703 Valle
1145 1623 1305 1701 atheiina
1324 1626 1421 1723 apud
1442 1623 1598 1701 Lounon
1622 1624 1706 1701 saxo
1735 1630 1875 1726 percus·

248 1741 307 1820 fus
327 1741 484 1837 interiit>
509 1741 547 1819 dc
565 1742 634 1817 Aut
653 1742 812 1837 Roudopi,
837 1767 935 1818 error
962 1767 1009 1818 ex
1038 1740 1287 1825 Homonomia
1316 1745 1524 1824 Nominum,
1543 1756 1644 1820 ortus
1670 1745 1739 1832 est,
1782 1751 1875 1828 dum

138 1944 141 1949 ,
248 1862 432 1942 Hdoricum
463 1863 501 1939 dt
522 1861 693 1956 Rudoifum
721 1862 758 1937 S.
782 1861 942 1937 Comadi
966 1862 1096 1937 Patrem
1112 1866 1157 1942 dt
1181 1865 1323 1940 Fratrem
1345 1887 1428 1939 eum
1445 1863 1523 1952 his,
1551 1866 1598 1944 de
1627 1864 1758 1963 quibus
1784 1868 1874 1947 mo'x

246 1982 418 2062 laudatus
428 1978 652 2078 Anonymus
665 1979 833 2099 ¹Weing.,
850 1975 999 2104 incauta
1013 1979 1207 2060 Posteritas
1224 1982 1400 2061 confudit.
1426 1983 1502 2062 Sed
1515 1982 1632 2077 dehis
1646 1984 1708 2095 suo
1722 1972 1815 2064 ioco.
1838 1984 1846 1989 ’
1874 2094 1905 2107 Α

978 2219 1019 2341 §.
1060 2225 1145 2340 ili.
1296 2255 1314 2261 -

575 2418 638 2505 De
674 2355 1031 2530 Aitomtnosterienfis
1070 2378 1226 2543 metrobii
1270 2414 1540 2530 Iptmratbne.
1672 2431 1690 2450 ‘'

347 2633 380 2688 1.
403 2605 505 2686 Nihil
519 2604 661 2706 uspiam
682 2605 838 2704 reperire
865 2604 1010 2699 Licuit,
1042 2629 1138 2706 quae
1161 2604 1297 2682 fuerint
1325 2605 1533 2683 Monasterii
1552 2604 1590 2682 S.
1613 2602 1761 2683 Aitonis
1781 2602 1878 2684 Fata*

248 2730 367 2807 ab'eo
387 2740 569 2825 tempore,
600 2749 673 2824 quo
695 2726 739 2807 ab
769 2725 918 2802 Heinrico
945 2724 1272 2821 Ambergouienies
1304 2748 1448 2825 quoque
1477 2723 1650 2802 Monachi
1678 2710 1762 2800 illis·
1783 2746 1875 2803 con·
1930 2758 1932 2763 ¹

247 2846 335 2925 nexi
356 2849 455 2933 sunt;
481 2867 551 2921 nec
570 2844 676 2925 vilius
699 2845 823 2923 saitem
847 2844 1003 2922 Abbatis
1024 2842 1201 2922 memoria
1222 2846 1430 2921 conseruata
1448 2845 1520 2928 ests
1542 2855 1731 2943 propterea
1753 2846 1872 2940 quod,

248 2965 559 3068 quemadmodum
582 2966 814 3064 conqueritur
836 2967 942 3046 Vitae
957 2965 1000 3047 S..
1013 2951 1360 3061 Arronis'Scriptor,
1379 2989 1422 3040 ea
1443 2987 1536 3062 quae
1560 2960 1692 3039 litteris
1712 2960 1886 3040 reserunss·

249 3098 310 3165 tur
331 3085 483 3172 tradita,
508 3085 737 3186 postmodum
759 3080 894 3162 furtiue
916 3084 1036 3161 ablata
1057 3084 1149 3160 sunt.
1207 3082 1311 3159 Haec
1330 3082 1417 3159 furti
1439 3082 1585 3180 suspicio
1604 3082 1642 3158 iu
1667 3083 1877 3160 Monacbos

248 3205 387 3284 nostros
407 3206 537 3281 cadere
558 3202 685 3305 poiiet,
710 3205 807 3304 quast
839 3205 883 3291 ii,
925 3204 1071 3302 quando
1095 3228 1143 3280 ex
1164 3190 1410 3280 Aitomunster
1429 3203 1673 3298 emigrarunt,
1697 3196 1876 3280 litteraria

198 3371 202 3381 ,
246 3323 489 3406 Monumenta
509 3325 628 3400 secum
651 3308 888 3402 Altdorffium
913 3322 1074 3400 tulerint.
1126 3321 1284 3410 Demus,
1309 3345 1373 3397 eos
1394 3321 1467 3397 hoc
1490 3319 1625 3404 ieciiie,
1658 3345 1748 3399 num
1763 3319 1875 3421 ¹Furti

247 3442 415 3525 damnari
440 3444 580 3544 possunt
596 3443 643 3532 ii,
668 3442 733 3542 qui
750 3442 812 3519 sua
834 3441 953 3521 secum
979 3439 1173 3519 auderunt?
1211 3441 1380 3540 quamuis
1402 3444 1439 3519 dr
1460 3439 1525 3516 ista
1550 3438 1758 3537 scrIptorum
1777 3441 1874 3516 alie·

160 3606 162 3611 ·
247 3567 350 3644 natio
381 3563 481 3641 nulia
508 3563 649 3640 ratione
671 3562 742 3639 niti
767 3561 930 3650 videtur,
962 3583 1076 3662 quum
1105 3561 1144 3637 in
1180 3561 1349 3638 omnibus
1385 3559 1514 3636 uostris
1544 3558 1682 3635 scriniis
1716 3559 1779 3636 nii>
1799 3558 1874 3635 tale

111 3712 115 3717 ·
248 3685 395 3770 existat,
418 3706 488 3758 nec
510 3703 684 3780 umquam
708 3680 892 3767 extiterit3
911 3664 982 3757 'nisr
1003 3680 1078 3757 fors
1097 3681 1316 3766 contendas,
1349 3680 1651 3755 ea·Documenta
1680 3701 1764 3754 cum
1790 3672 1877 3756 Mo·'

250 3803 402 3888 uasterio
430 3799 644 3900 Abdorffmfi,
670 3801 768 3901 quod
788 3785 909 3901 postea
930 3799 1090 3879 flammis
1111 3799 1334 3878 combustum
1355 3797 1423 3890 est,
1453 3794 1613 3875 srnrulsin
1632 3797 1783 3874 Cineres
1810 3799 1882 3880 ab,

162 3976 165 3982 »
249 3926 332 4003 iiffe.
385 3925 518 4002 Verum
540 3922 577 3997 in
602 3920 792 4021 propatulo
814 3920 882 4010 est,
923 3918 1032 4021 quem
1052 3920 1295 3996 Monumenta
1316 3917 1407 3995 haec
1437 3916 1725 3993 defideratiffima
1752 3910 1878 3996 caium
1927 3985 1933 3994 .

248 4036 437 4145 subierint,
463 4042 676 4129 Bauariam,
701 4063 744 4116 ac
765 4040 941 4116 Sueuiam
963 4038 1144 4137 adusque
1160 4038 1280 4115 lacum
1294 4036 1481 4115 lemanum
1498 4023 1629 4114 Seculo
1643 4036 1688 4112 X
1708 4035 1873 4136 frequen·

250 4165 349 4243 tibus
365 4160 438 4238 iliis
462 4160 718 4257 Hungarornm
742 4157 941 4235 Iucurfibus
965 4157 1074 4234 foede
1095 4144 1313 4255 barbamque
1337 4157 1575 4255 depopulatas
1603 4155 1725 4240 fuiiie,
1747 4154 1873 4233 nntius

249 4285 324 4373 eii„
341 4305 451 4381 quam
476 4294 517 4358 vt
548 4279 619 4358 viia
643 4278 851 4384 indubione
877 4300 968 4378 opus
994 4274 1060 4362 srt,
1098 4275 1150 4360 id,
1158 4270 1318 4375 pluribus
1353 4276 1596 4374 comprobare.
1646 4275 1874 4354 Monasteriis

249 4386 435 4504 inprimis,
462 4414 500 4480 vt
520 4423 612 4500 quae
631 4423 676 4475 eo
698 4423 791 4474 aeuo
810 4422 858 4474 ne
878 4397 1025 4495 quidem
1053 4418 1160 4473 muro
1184 4395 1440 4491 cingebantur,
1467 4393 1578 4471 Pestis
1597 4394 1657 4470 iiia
1676 4394 1873 4474 saeuissime

250 4522 434 4607 incubuit,
457 4521 556 4620 quod
569 4519 753 4594 ‘sexcentis
770 4515 903 4616 possem
924 4515 1113 4615 Exemplis
1133 4515 1369 4592 communire.
1421 4516 1519 4612 Ager
1543 4514 1731 4614 praecipue
1744 4514 1887 4612 Augu·-

249 4642 370 4719 stauus
390 4638 617 4738 frequentius
632 4639 706 4715 vim
722 4623 902 4722 bostium,
927 4634 1189 4713 Historicorum
1207 4635 1415 4724 Relatione,
1438 4634 1615 4733 perpessus
1637 4634 1703 4722 est,
1729 4636 1767 4712 u
1785 4633 1873 4711 hinc

247 4757 384 4859 conjici
411 4760 536 4847 datur,
560 4757 690 4837 fatiam
713 4753 835 4840 fuiffet
868 4766 909 4836 vt
927 4754 1156 4834 Coeuobium
1172 4753 1211 4832 S.
1232 4753 1378 4831 Altonis
1411 4752 1528 4831 ruinis
1555 4753 1627 4832 suis
1655 4752 1877 4854 sepeliretur,

1045 4892 1055 4903 ·
1742 4873 1874 4950 Mona·
