4276 5670
249 531 345 608 Dux
373 523 681 631 Wtimiergmfir,
733 530 841 606 Pisias
873 530 1097 633 Cirristopsrori
1132 554 1248 629 nuper
1284 526 1445 611 destitisti
1492 529 1669 607 mandam
1706 532 1871 609 caesim

249 649 360 727 coaiii
385 652 431 725 ad
456 649 552 724 diem
567 720 569 725 ,
585 675 639 723 20.
666 650 789 724 Martii
820 651 1052 726 Comrentnm
1078 651 1122 728 V
1119 652 1202 726 smne
1223 649 1476 755 celebrandum
1505 651 1725 734 indicerent,
1761 662 1873 748 atque

248 768 334 845 talia
358 766 637 842 Deliberationis
667 770 786 863 capita
813 782 1074 866 proponerent,
1094 766 1105 774 ”
1119 792 1211 866 quae
1236 768 1297 846 vix
1325 780 1389 842 aut
1411 791 1464 843 ne
1481 764 1554 844 'viar
1577 769 1724 864 quidem
1742 770 1872 848 ‚statua

249 887 436 965 inserendo
472 886 599 972 essent,
655 887 777 962 omnis
812 890 858 964 de
898 889 1047 965 ferendo
1084 887 1246 962 externis
1285 885 1421 961 aurdiio
1458 884 1649 982 disparent..
1670 885 1873 981 Cogitatio.

249 1007 345 1094 Quin
375 1003 448 1103 ipse
473 1005 731 1080 Mam‘arr'siorms
759 1007 944 1105 Imperator
975 1008 1062 1082 dato
1092 1008 1139 1082 ad
1160 1004 1299 1082 Cirniii
1321 1004 1772 1102 Direiioressiiplomate,
1809 1028 1874 1080 eu·

247 1126 306 1224 jn'a
337 1121 595 1221 Apograpirnm
620 1126 665 1198 ad
684 1124 868 1203 Abbatem
892 1126 1051 1202 nostrum
1070 1132 1112 1219 o)
1150 1124 1321 1201 mittente
1343 1121 1447 1197 Buce
1458 1125 1646 1220 peruenit,
1663 1123 1877 1219 praecepitr

248 1257 289 1324 vt
317 1243 493 1320 samsari
519 1241 746 1327 soluendum,
785 1247 884 1342 quod
915 1269 1016 1321 anna
1045 1245 1154 1341 priori
1185 1244 1307 1319 bren-se
1330 1240 1533 1340 Septembri
1557 1242 1713 1341 Bingoe,
1737 1247 1775 1320 da
1797 1244 1875 1319 No-

104 1468 107 1473 ,
248 1362 387 1443 rembri
409 1361 567 1436 Coloniae
588 1361 857 1457 promisserunt,
887 1386 954 1461 pro
976 1363 1074 1439 Besso
1102 1361 1234 1439 Gnrtico
1259 1359 1454 1436 subsidium
1478 1361 1674 1455 adigerent.
1733 1361 1876 1438 Verum

248 1481 372 1560 nabas
399 1480 515 1554 noster
534 1479 606 1554 bac
633 1479 872 1578 Praeceptum
904 1481 1109 1581 praeuenit,
1137 1479 1341 1556 numeratio
1362 1480 1439 1576 jam
1460 1502 1519 1557 ιι.
1544 1478 1703 1576 januam·
1722 1486 1767 1576 p)
1802 1480 1877 1554 Ra·

249 1597 437 1696 nenspurgi
461 1620 537 1694 pro.
554 1608 632 1672 rata
664 1597 839 1695 pecuum
909 1602 990 1679 Nec
1021 1600 1093 1675 hnc
1120 1600 1235 1675 insum
1267 1609 1365 1682 erat,
1416 1609 1461 1674 ot
1492 1598 1600 1674 saeise
1630 1600 1878 1694 conjesturare

248 1710 353 1803 licet,
389 1717 489 1815 quod
515 1719 627 1813 pendi
665 1719 712 1793 ab
734 1718 873 1816 Joanne
899 1719 1047 1815 mitigas
1074 1716 1222 1800 debuitr
1262 1717 1370 1794 enini
1397 1739 1494 1814 pene
1529 1718 1671 1793 Mundo
1704 1718 1741 1792 in
1774 1739 1879 1793 anna

249 1838 288 1916 δι
315 1859 425 1911 neces
451 1847 565 1911 moto.
621 1837 731 1914 Adeo
754 1836 852 1921 sane,
889 1851 931 1915 ut
952 1862 1052 1931 anno
1079 1860 1185 1936 1574.
1220 1835 1256 1911 in
1285 1838 1479 1912 Cammera
1504 1835 1681 1933 Imperiaii
1706 1837 1878 1912 remissio·

247 1981 334 2036 nem
358 1966 482 2054 petere
510 1955 647 2052 neeesse
676 1955 802 2040 suerit,
844 1957 1152 2053 quemadmodum
1170 1981 1220 2031 ex
1242 1956 1390 2031 Litteris
1416 1955 1583 2055 Dosinria
1597 1953 1751 2059 QJoannir
1773 1956 1880 2057 Vestri

249 2076 380 2152 eodem
406 2086 505 2147 anno
531 2099 565 2171 4.
588 2074 811 2153 Nouembris
839 2076 886 2151 ad
908 2074 1154 2152 canceilariae
1175 2075 1318 2152 nostrae
1340 2074 1563 2150 Praefectum
1586 2071 1758 2182 {iacobum
1785 2073 1879 2179 Hys-

112 2284 120 2301 ,
249 2193 386 2296 sismmar
408 2191 504 2268 datio
531 2190 785 2289 inteligimno'
828 2193 868 2270 Id
883 2197 980 2293 quod
1000 2193 1139 2271 nemini
1164 2193 1298 2270 mirum
1316 2192 1517 2280 ridebitur,
1558 2191 1749 2289 fipraeter
1771 2216 1875 2269 corn·

249 2324 381 2415 munna
401 2309 517 2409 hujus
544 2312 674 2388 aetatis
704 2315 911 2390 Aerumnas
924 2312 1128 2410 smgnlares
1155 2311 1361 2389 Monasierii
1381 2311 1489 2387 nostri
1515 2310 1710 2411 perspestas
1738 2309 1878 2386 habue-

250 2434 307 2512 rit.
359 2436 511 2507 Annum
538 2431 677 2507 etenim
704 2455 823 2529 prope
839 2430 979 2508 nulium
1008 2445 1088 2507 toto
1113 2432 1168 2506 sui
1185 2430 1376 2525 regiminis
1393 2443 1561 2526 tempore
1583 2432 1628 2506 ab
1653 2429 1882 2506 omnicolo-

251 2552 378 2631 mitate
403 2549 557 2627 iiberum
584 2549 688 2626 virm
752 2551 804 2630 Vt
826 2551 926 2627 enim
953 2549 1044 2624 nihil
1071 2551 1191 2625 dicam
1218 2551 1265 2624 de
1288 2548 1479 2644 grandine,
1524 2572 1618 2646 quae
1637 2560 1740 2624 'anno
1769 2556 1878 2642 1569.

49 2746 54 2754 ,
202 2702 204 2706 ·
252 2696 285 2768 3.
298 2668 399 2772 ‘Julii
428 2689 582 2744 omnem·
607 2669 752 2770 prorsus
786 2667 944 2765 segetem
976 2654 1028 2744 'in
1070 2666 1201 2745 Scisier
1243 2667 1381 2767 Corsa,
1439 2665 1697 2756 riibertsreatsrr,
1749 2665 1878 2743 Grum-

252 2790 351 2878 bret,
394 2785 563 2875 nnana
613 2784 859 2866 neaeman
880 2804 934 2881 'ac
962 2787 1007 2876 ,io
1037 2785 1262 2884 circumjecta
1310 2784 1474 2882 Reginae
1505 2785 1728 2863 denastauit':
1782 2783 1880 2863 nihii

252 2913 298 2988 de
314 2906 504 2986 'sieiiiitate
525 2908 660 2994 terrie,
702 2928 795 3006 quae
821 2924 919 2983 anno
952 2930 1056 3004 1571.
1082 2919 1186 2980 tanta
1207 2904 1308 2991 aiat,
1353 2916 1477 2982 etex
1494 2915 1556 2981 tot
1577 2904 1757 2999 vinens,
1782 2908 1879 3002 quire

253 3025 511 3108 Monaste'rium
536 3025 748 3120 poffederat,
789 3028 840 3101 ne'
855 3024 960 3103 vniea
986 3024 1119 3122 quiden
1144 3024 1220 3101 vini
1251 3036 1375 3118 gutta,
1417 3023 1456 3101 ἃ
1491 3047 1540 3098 ex
1573 3024 1669 3120 agria
1703 3021 1880 3099 frumenti

251 3147 365 3225 ferme
381 3143 483 3220 'nibil
506 3143 631 3220 vineis
659 3144 786 3219 nostris
822 3143 922 3220 iliata
954 3143 1085 3224 suerit:
1124 3143 1285 3240 nihii-de
1303 3143 1503 3239 asperrimo
1541 3141 1700 3240 Hyemis
1726 3143 1880 3238 frigore,

253 3268 351 3366 quod
378 3264 440 3343 sub
473 3261 586 3338 finem
626 3263 717 3336 anni
746 3284 848 3361 ¹572·
886 3261 1133 3359 &sequentis
1167 3261 1313 3337 initium
1346 3262 1551 3338 minersurn
1589 3263 1728 3338 nedum
1756 3260 1884 3339 iacun

252 3383 473 3483 potamicum
490 3381 576 3475 gelu
594 3381 662 3456 suo
690 3381 963 3466 constrinxerat,
989 3403 1114 3456 verum
1143 3382 1253 3455 etiam
1279 3380 1373 3457 uites
1389 3380 1594 3478 plerasque,
1620 3383 1659 3458 da
1680 3378 1885 3459 sementem

255 3504 370 3582 ferme
404 3523 556 3589 omnem
584 3499 749 3591 necauit3
787 3499 878 3583 nitri}
908 3497 1065 3598 denique
1098 3503 1144 3576 de
1178 3491 1416 3583 inundatione
1445 3499 1633 3584 Scirussae,
1652 3522 1751 3597 qua
1781 3521 1881 3573 anno

259 3640 444 3719 157310
463 3620 573 3719 May,
607 3608 645 3692 in
671 3640 779 3721 quarn
806 3616 951 3702 Festum
981 3618 1208 3695 Pentecosten
1232 3619 1434 3703 inciderat
1482 3616 1616 3692 eisnsns
1642 3617 1746 3715 super
1776 3616 1880 3712 ripas

150 3799 158 3810 .
255 3738 374 3819 'amnis
390 3758 465 3811 non
485 3759 632 3833 campos
655 3746 801 3814 tantum
821 3738 981 3843 operuit,
1007 3737 1066 3813 sed
1092 3737 1205 3813 etiam
1227 3738 1344 3811 secum
1369 3738 1508 3824 auexit,
1531 3737 1685 3834 piurium
1703 3754 1886 3809 annornm

255 3864 352 3960 spem
375 3853 631 3951 depopulatus,
655 3856 765 3942 adeo,
790 3868 830 3931 vt
849 3866 961 3942 notus
980 3854 1263 3955 Ephemeridnm
1286 3854 1431 3991 scriptor
1453 3855 1500 3928 ad
1525 3875 1611 3929 anm
1600 3852 1807 3952 sequentis
1832 3850 1889 3930 vi·

254 3975 323 4077 ges
326 3993 425 4053 marn
447 3974 633 4072 septimam
657 3970 742 4072 Juiii
760 3968 866 4083 diem
875 3966 1112 4063 tsrstisiimam
1133 3972 1242 4068 hujus
1257 3973 1338 4050 aeui
1352 3964 1552 4071 imaginem
1575 3973 1710 4057 rudiori
1730 3970 1886 4089 quidem

103 4167 106 4173 .
256 4092 450 4197 peniciilo,
488 4092 548 4169 sed
576 4090 805 4175 minacissimis
835 4093 1013 4199 cusoribus
1044 4070 1252 4233 depingit
1241 4112 1278 4167 rn
1308 4092 1399 4166 baec
1439 4092 1554 4167 sermo
1590 4091 1749 4166 lamenta
1783 4082 1888 4166 coni·

96 4250 99 4255 ·
220 4192 226 4204 ⁸
256 4214 385 4315 patin
433 4208 611 4291 menon
623 4210 747 4287 hoece
760 4224 922 4309 ternpore
938 4224 1040 4287 tanta
1061 4224 1139 4286 erat
1161 4209 1203 4287 in
1229 4209 1445 4287 monasterio
1473 4209 1524 4282 rei
1553 4192 1741 4284 familiaris
1767 4228 1883 4303 angn-

257 4326 322 4412 siia
347 4339 384 4423 da
404 4332 624 4429 Paupertas,
656 4342 697 4415 vt
719 4331 844 4407 vinum
869 4331 942 4411 emi
974 4330 1010 4405 in
1043 4331 1121 4407 soro
1148 4329 1332 4413 debuerit,
1371 4328 1467 4428 quod
1493 4328 1618 4402 etiam.
1629 4339 1708 4404 tam
1735 4327 1885 4404 acidum

258 4466 352 4537 erat,
379 4446 645 4545 &insrpidum
672 4457 713 4525 vt
733 4449 796 4525 vix
825 4447 982 4524 bibendo
1015 4449 1110 4530 esset.
1170 4450 1249 4528 Nec
1269 4447 1397 4526 meiior
1425 4445 1533 4522 nostri
1562 4446 1717 4541 granarii
1754 4444 1886 4520 condi·

258 4574 313 4652 tio
332 4572 421 4655 suit,
468 4570 569 4670 quod
587 4591 640 4649 eo
669 4589 790 4668 eoque
806 4564 1019 4646 exhaustum
1041 4580 1145 4658 erat,
1202 4560 1412 4648 utcolonoa
1433 4565 1572 4644 nostros
1600 4567 1649 4642 ad
1683 4559 1881 4763 seppppam

1805 4706 1889 4772 em·

200 4807 204 4815 ·
302 4814 340 4896 o
363 4811 445 4878 om·
462 4826 513 4895 a.
533 4805 590 4894 aa
608 4823 683 4894 19⁷·
816 4807 856 4915 o
876 4807 1003 4896 nam·
1029 4770 1189 4900 coma.
