4276 5670
714 396 1134 520 *mint
1660 432 1735 519 451
1857 556 1860 561 A

114 602 219 681 Aetio
247 603 395 681 vendita
421 602 472 677 est
499 600 663 678 mensura
693 603 769 678 vini
806 606 949 680 duobus
983 605 1176 700 crucigeris
1195 610 1265 679 etc.
1323 601 1429 679 Vnde
1457 601 1589 678 merito
1617 621 1735 676 annus

115 724 180 799 ille
205 725 300 799 inter
324 724 482 819 optimos
509 721 548 797 dt
569 722 785 798 lelicillirnos
812 727 1061 799 numerandus
1085 724 1219 809 fodiet,
1251 720 1315 796 nili
1343 721 1479 796 bellicis
1507 719 1735 807 tumultibus,
1790 794 1794 803 ,
1933 751 1937 758 ·

115 843 223 919 variis
256 843 527 918 dedutlionibus
554 841 734 928 militum,
770 846 808 921 dt
847 844 1064 936 praesertim
1096 843 1246 919 Tillinno
1289 841 1392 917 clade
1443 836 1601 916 eualilset
1633 838 1735 914 fune·

113 955 198 1036 stus.
246 965 341 1037 Nam
373 986 428 1057 η.
453 961 553 1056 Sept.
581 961 694 1037 Comes
715 958 960 1066 Jnoouesl
902 960 986 1039 Till
958 964 1022 1038 Iros
1048 967 1132 1039 Dux
1157 961 1339 1037 exercitus
1366 959 1555 1043 catholici,
1591 959 1735 1055 Regum

115 1079 503 1165 anennoeton&
532 1083 715 1176 perpetuis
738 1102 916 1156 annorum
938 1082 1158 1180 superiorum
1187 1078 1346 1159 vitioriis
1373 1058 1573 1156 notiAirnus
1598 1082 1635 1157 dr
1657 1076 1735 1171 feli·
1833 1087 1835 1091 ’

115 1198 184 1274 crli
189 1223 268 1273 mus
287 1199 354 1272 hac
389 1199 448 1273 die
478 1222 587 1295 prope
608 1197 801 1300 Lipstnm
786 1223 828 1273 ιιι
857 1200 1017 1275 Saxonia
1041 1225 1125 1277 com
1146 1200 1208 1275 ιιιο
1237 1198 1444 1277 exercituo
1474 1197 1589 1294 copiis
1616 1197 1735 1299 Gustu·

114 1320 149 1392 ιιι
177 1317 272 1392 Arioi
267 1316 328 1416 piri
354 1316 488 1393 Διἰιειιιιι
521 1316 641 1449 Regis,
688 1321 726 1395 dt
749 1315 903 1425 ρῗοιιιιιιίι
935 1319 1074 1420 Georgii
1105 1321 1213 1396 Ducis
1243 1317 1414 1396 Saxonine
1450 1317 1635 1413 ingentem
1663 1315 1752 1393 clau.

116 1437 202 1512 dem
232 1436 408 1533 perpelius
432 1434 537 1522 est,
526 1458 564 1509 ιιι
588 1458 662 1533 qua
682 1461 728 1512 ex
750 1453 873 1537 parte·
887 1438 982 1514 Tillir'
1008 1442 1108 1515 coela
1132 1439 1297 1514 feruntur
1319 1439 1445 1514 decern
1475 1434 1608 1520 millia.
1631 1435 1670 1513 δι
1687 1457 1736 1511 ex

115 1567 217 1654 parte
248 1554 402 1632 hostiurn
429 1558 563 1653 septem
590 1555 703 1630 millia
727 1557 926 1665 quingenti.
989 1558 1045 1634 Ειι
1081 1557 1227 1636 vilioris
1262 1558 1435 1634 utendum
1467 1567 1568 1632 ratus
1588 1556 1737 1632 Succo-

115 1696 198 1752 rum
220 1673 346 1749 Rex
335 1695 373 1751 ιιι
402 1674 519 1773 ipsum
549 1672 588 1750 S.
611 1675 655 1752 R.
679 1673 716 1750 l.
743 1675 987 1754 meditullium
1025 1678 1161 1774 irrupit.
1225 1675 1445 1752 Praeconium
1476 1677 1552 1752 fere
1586 1696 1737 1753 omnem

116 1793 178 1870 srbi
204 1792 413 1890 subjugauit.
471 1790 680 1891 Herbipolim
705 1794 842 1890 coepit,
873 1794 1068 1895 indeque
1055 1819 1094 1872 rn
1119 1795 1257 1874 vicinas
1282 1795 1463 1890 Regiones
1494 1793 1700 1872 hostiliter
1686 1817 1767 1901 tr·-

114 1915 221 2014 rupit.
271 1913 354 1992 Dici
379 1937 453 1987 non
478 1909 610 2009 potest,
638 1924 797 2008 quantus
820 1913 953 2012 ubique
977 1916 1087 1992 fuerit
1109 1928 1246 2000 terror..
1272 1915 1421 1991 nemine
1446 1925 1550 1991 tanto
1573 1894 1737 2018 aduersa·

115 2036 169 2112 rio
191 2033 380 2111 resistente.
430 2031 480 2106 Et
509 2028 605 2129 quod
638 2029 725 2105 mali
747 2028 856 2131 caput
879 2047 974 2122 erat,
1008 2034 1071 2134 ipsr
1094 2034 1279 2132 Principes
1306 2037 1344 2112 dr
1368 2046 1560 2128 magnates
1583 2033 1678 2109 inter
1702 2030 1737 2137 ie

115 2178 199 2231 cum
224 2152 384 2230 maximo
411 2149 683 2225 Prouinciarurn
708 2137 866 2248 periculo
889 2153 1109 2232 dffidebanc
1168 2154 1373 2230 Periculum
1396 2152 1596 2230 maximum
1615 2151 1736 2255 immi·

116 2278 226 2352 nebat
257 2257 599 2370 Episcopatibus'&
633 2267 883 2361 Monalieriis,
926 2272 1130 2372 praesertim
1170 2272 1236 2363 iis,
1275 2260 1369 2372 quae
1397 2271 1437 2348 in
1475 2260 1738 2373 Wrtteobrrgr'o

114 2395 355 2495 praecedente
378 2413 476 2466 anno
500 2387 663 2466 restituta
681 2384 845 2466 fuerunt.

211 2631 323 2708 Anno
352 2633 455 2721 1632.
480 2626 600 2704 mense
625 2626 743 2726 Aprili
766 2626 875 2705 Sceci
906 2628 1042 2708 milites
1079 2630 1199 2708 Vlmoe
1221 2639 1492 2708 commorantes
1522 2625 1738 2705 Monasteris

116 2752 276 2850 undique
314 2746 607 2824 circumiacentia
639 2748 802 2823 inuasere
834 2772 878 2825 ac
915 2750 1123 2847 depraedati
1163 2744 1273 2827 lunt-:⁴
1313 2763 1528 2848 tantumque
1565 2745 1738 2823 inculsere

119 2884 309 2952 terrorem.
346 2877 387 2943 vt
409 2887 541 2940 omnes
569 2889 698 2942 eorum
719 2865 859 2942 incolae
890 2866 1013 2964 fugam
1038 2869 1250 2964 affigerent,
1287 2869 1440 2974 aliisque
1463 2869 1617 2944 inlotis
1641 2867 1737 2943 secu·

118 2992 263 3067 ritatem
308 2995 568 3083 quaererent..
620 2983 826 3082 aufugere
858 3007 883 3060 a
917 2987 1067 3064 diuersis
1108 2987 1199 3062 locis
1239 2988 1288 3064 ad
1325 3013 1396 3064 nos
1432 3011 1543 3087 quam
1582 2985 1736 3083 plorimi.

67 3101 74 3112 ⁴
117 3119 151 3189 b.
176 3104 313 3205 Aprilis
333 3129 381 3178 ex
410 3099 654 3203 Ocdsenbausen
675 3091 903 3182 aduenerunt
936 3106 1064 3184 Patres
1095 3114 1128 3185 d.
1160 3130 1209 3182 ex
1238 3106 1468 3207 Peterslrnusen
1504 3108 1609 3182 Pater
1643 3127 1739 3181 unus

117 3251 200 3302 cum
227 3226 387 3323 quinque
411 3223 603 3320 tyronibus
631 3224 815 3300 tunicatis.
868 3249 923 3300 ιο.
947 3227 1084 3325 Aprilis
1109 3250 1157 3300 ex
1189 3221 1381 3326 Wiblingen
1412 3227 1536 3300 Patres
1566 3225 1735 3323 quinque.

55 3408 63 3415 .
117 3350 237 3431 Quare
266 3369 319 3418 rr.
343 3342 478 3441 Aprilis
498 3342 536 3418 in
554 3344 745 3421 ⁴teletiorio
769 3343 889 3420 nostro
912 3370 986 3421 una
1013 3370 1097 3422 curn
1120 3345 1248 3420 nostris
1272 3346 1434 3423 Patribus
1461 3328 1604 3421 mensae
1632 3367 1736 3439 regu·

117 3466 183 3541 lari
213 3462 413 3539 alsedemnt
435 3461 601 3557 Religiolr
622 3462 866 3548 Benedidiini,
891 3462 1125 3544 srLerrem
1146 3463 1184 3541 u
1204 3463 1394 3566 ministros
1414 3463 1613 3551 addideris,
1639 3465 1737 3566 lexa·
1811 3560 1814 3565 ⁴

117 3587 219 3681 ginta
246 3576 415 3680 quatuor,
442 3594 583 3678 praeter
609 3581 756 3670 Patrem
777 3604 893 3661 unum
920 3583 1200 3682 Wiblingenlem
1227 3594 1494 3683 aegrotantem,
1525 3583 1588 3752 qui
1618 3585 1753 3689 priua-U

73 3769 84 3776 .
117 3706 188 3780 tim
217 3703 357 3779 cibatus
383 3700 443 3776 cll.

217 3965 271 4036 14
297 3937 432 4035 Aprilis
458 3889 608 4015 aduenit
629 3936 701 4035 ipse
731 3939 1056 4019 Reuerendillrmus
1078 3942 1123 4018 D.
1146 3941 1272 4018 Abbas
1297 3936 1561 4039 Oclrsenluflrnur
1589 3961 1673 4014 cum
1697 3939 1736 4012 P.

116 4059 310 4156 subpriore
345 4057 492 4133 &aliis
527 4057 710 4143 Patribus,
752 4083 863 4159 quem
905 4062 1113 4157 quindecim
1142 4060 1250 4136 secuti
1284 4058 1388 4134 suut:
1426 4057 1556 4133 fratres
1592 4058 1735 4153 septem.

118 4181 178 4255 Ex
207 4177 370 4254 Ottoirorn
394 4199 539 4251 nouem.
590 4176 630 4249 P.
656 4177 827 4275 Subprior
852 4202 899 4253 ex
926 4177 1002 4255 Isne
1027 4184 1065 4258 dr
1093 4178 1309 4275 aliiplures.
1359 4175 1600 4257 Refetlilnnt
1628 4177 1737 4269 igitur

117 4299 189 4374 hoc
218 4297 278 4372 die
303 4295 430 4391 partim
463 4296 500 4367 in
531 4292 687 4368 triclinio
714 4297 848 4383 nostro,
886 4297 1017 4394 partim
1048 4300 1087 4375 in
1119 4298 1201 4374 aula
1222 4296 1387 4393 Religiosr
1411 4297 1631 4393 septuaginta
1653 4299 1735 4370 duo.

118 4418 315 4494 Aduenere
343 4415 473 4488 eodem
500 4413 641 4508 vespere
661 4416 785 4491 Patres
808 4431 961 4516 quatuor
979 4441 1023 4493 ex
1050 4417 1265 4495 Monasterio
1290 4416 1415 4493 Marci
1417 4416 1488 4490 thol
1514 4415 1598 4489 Ord.
1630 4418 1735 4490 Prae·

118 4530 362 4613 monstratens
351 4554 384 4606 s
407 4531 445 4607 ιι
472 4533 514 4604 D
544 4532 751 4610 Abbatilia
754 4556 804 4612 ex
839 4535 1048 4638 Vrspringen
1081 4561 1164 4669 cum
1197 4536 1367 4614 omnibus
1393 4532 1614 4612 monialibus
1647 4535 1736 4623 luis,

117 4678 213 4754 quae
235 4652 273 4729 in
297 4650 380 4728 aula
402 4651 555 4729 telettae
577 4650 668 4727 lunt.

882 4888 1020 4988 1.113
1292 4871 1295 4875 ’
1377 4978 1382 4985 ,
1553 4890 1734 4990 zoApri·
