4276 5670
632 319 652 365 ⁸
769 421 771 424 ι
856 366 1276 456 ewssspſsone
1440 444 1448 461 Ι,
1829 373 1904 465 ¹7,

252 555 319 625 aut
343 546 370 622 n
396 545 555 632 arcere,
585 539 919 619 montanearum
945 542 1100 628 arceret,
1124 553 1165 617 vr
1186 564 1274 617 mox
1294 537 1449 638 parent,
1476 535 1589 635 quma
1611 533 1711 636 quoa
1727 532 1765 611 a
1779 530 1877 608 cuu-
1965 486 1967 493 ’

249 668 362 745 sirum
387 647 604 741 monialium
618 665 787 736 Atiniam
809 661 1148 757 vocatAuonymus
1164 661 1297 745 noster,
1321 660 1407 737 vide
1426 658 1528 754 supra
1544 661 1574 748 i.
1597 682 1649 733 11.
1664 677 1701 729 n.
1719 674 1752 746 5.
1780 652 1876 749 sepe·
1986 661 2002 683 '²

250 785 310 861 liri
344 804 443 880 ergo·
464 792 623 893 poterat
644 779 775 856 Guelso
795 779 838 856 ll.
879 778 919 856 in
949 784 1088 858 Arbua
1114 777 1315 879 Atrorfferrfi,
1340 789 1536 877 antequam
1562 781 1699 852 Atinio
1716 773 1876 852 uirorum

253 905 359 982 fieret
376 903 623 997 Altdorfflum.
790 898 794 904 ’

348 1164 383 1218 2.
406 1142 609 1241 Vtrumque
636 1167 686 1219 ex
715 1139 928 1215 Hermanno
957 1135 1149 1216 Contratto
1173 1160 1362 1234 eruamus,
1403 1160 1448 1213 ac
1478 1136 1615 1236 liquido
1642 1136 1876 1214 diffiniamus.

254 1260 291 1336 Is
324 1285 449 1360 quum
471 1262 609 1340 Auctor
638 1260 896 1357 synchronus,
929 1260 968 1336 dr
1003 1257 1140 1357 aliquot
1169 1260 1351 1333 duntaxat
1381 1257 1503 1334 leucas
1532 1255 1700 1335 Astorffio
1738 1257 1876 1334 diffitus

236 1379 360 1468 esset,
385 1381 570 1476 ignorare,
595 1405 687 1479 quae
708 1380 745 1454 in
766 1379 907 1456 Vicinia
925 1390 1151 1472 gererentur,
1175 1402 1249 1453 non
1272 1389 1423 1475 poterat.
1478 1379 1535 1453 lix
1560 1378 1616 1454 Eo
1640 1399 1725 1452 vero
1746 1375 1878 1481 scimus

262 1507 298 1595 r)
322 1499 488 1594 stonrm
507 1502 553 1576 Il.
578 1501 697 1578 obiisse
718 1508 804 1574 ante
823 1520 961 1572 annum
991 1504 1094 1588 1036.
1123 1496 1162 1573 dc
1190 1506 1228 1594 2)
1252 1497 1553 1574 Sanstimoniales
1579 1496 1650 1570 hoc
1672 1495 1745 1592 ipso
1764 1497 1877 1572 Anno

258 1619 460 1695 etiamnum
488 1618 527 1695 in
550 1620 665 1713 Altorf
682 1618 885 1694 consedisse.
933 1616 1049 1712 Ipsum
1071 1617 1282 1693 audiamus:
1325 1620 1569 1691 Sanctnnonutrs
1600 1617 1643 1700 s?
1666 1617 1803 1690 Domino
1825 1618 1878 1688 Ir-

257 1742 423 1832 mengarda
450 1739 539 1832 Wa'f
558 1763 711 1827 compris
736 1760 854 1815 vinus
880 1739 961 1832 opud
977 1736 1092 1830 Altorf
1102 1755 1160 1833 pro
1179 1741 1306 1816 sinitis
1322 1738 1456 1812 crucae
1466 1715 1562 1832 finit,
1589 1735 1646 1810 ad
1668 1757 1752 1809 ann.
1774 1742 1878 1828 1036.

258 1856 356 1932 Edit.
383 1857 499 1932 Carris.
521 1859 646 1958 Antiq.
666 1861 763 1934 terr.
785 1855 934 1932 Tomi.
984 1855 1086 1940 Quae
1106 1855 1257 1954 quidem
1281 1856 1390 1961 yerba
1411 1853 1554 1930 tametsr
1572 1853 1769 1932 obscuriora
1791 1853 1876 1953 lint,

260 1975 297 2051 id
317 1991 440 2052 tamen
460 1977 546 2053 satis
560 1979 655 2054 clare
674 1979 850 2062 innuunt,
876 1974 1026 2050 lmizarn
1046 1999 1091 2050 eo
1113 1998 1209 2050 anno
1231 1964 1306 2067 jam
1330 1976 1460 2050 Viduam
1478 1973 1596 2063 soille,
1623 1995 1713 2074 ¹ergo
1737 1975 1879 2071 Welfus¹

260 2096 406 2171 obierat.
456 2097 569 2174 Item:
594 2095 895 2174 Sanitimoniales
913 2095 1135 2172 Altorsenses
1153 2094 1269 2190 colligi
1294 2094 1456 2192 coepisse,
1470 2094 1677 2188 reculasque
1699 2094 1778 2170 suas
1792 2120 1880 2173 con·
2039 2134 2045 2154 ι

261 2215 405 2305 vasasse,
431 2217 592 2293 abiturae
611 2239 695 2292 cum
718 2215 876 2291 Domina
895 2214 1142 2323 Irmengarda,
1167 2214 1205 2290 δι
1228 2213 1381 2289 cessurae
1402 2213 1525 2290 locum
1544 2213 1718 2299 Clericis,
1750 2213 1790 2290 id
1809 2215 1880 2304 est,
1943 2320 1951 2337 ,

261 2333 456 2411 Monachis
483 2332 906 2422 Altmonasterienllbus‚
937 2356 1022 2429 ergo
1045 2343 1132 2407 ante
1159 2331 1300 2412 obitum
1323 2331 1503 2412 Welsonis
1530 2335 1695 2412 nondum
1723 2332 1880 2411 discesse-

262 2466 361 2545 rant,
385 2455 447 2532 sed
461 2454 664 2554 necpostea
678 2478 767 2557 mox
781 2456 968 2545 abierunt,
994 2451 1212 2530 obueniente
1227 2458 1456 2555 quocumque
1470 2455 1620 2531 tandem
1635 2453 1824 2534 obstaculo.
1914 2537 1917 2541 ,

360 2721 395 2792 3.
423 2696 519 2780 Quid
540 2693 695 2770 mustis?
718 2692 909 2792 reciprocis
932 2695 1138 2772 trattatibus
1168 2661 1263 2770 circa
1283 2695 1459 2771 bonorum
1485 2682 1797 2777 permutationem
1824 2722 1883 2778 ra·
1994 2662 2002 2783 ‚i

264 2817 312 2892 tis
337 2815 576 2914 perfectisque
604 2814 676 2913 ipsa
698 2816 847 2889 tandem
865 2813 1075 2909 Inmigratio
1097 2839 1193 2890 anno
1219 2839 1322 2912 1047.
1350 2815 1442 2890 fasta
1468 2814 1527 2888 esi.
1575 2815 1686 2892 Hunc
1707 2818 1881 2910 Annum

265 2937 356 3012 citra
377 2935 529 3012 dubium
565 2959 612 3009 ex
638 2933 768 3010 rabulis
792 2932 1239 3021 altomonasteriensrbus‚·
1267 2933 1460 3010 adnotauit
1481 2934 1682 3028 Wiguleius
1709 2937 1882 3018 Hnndius
2034 3008 2036 3012 ,
2120 2967 2124 2977 ·

179 3104 190 3125 f
264 3054 455 3151 Metropol.
478 3053 651 3131 Salisbur.
673 3076 752 3152 pag.
775 3066 831 3136 81.
863 3053 1025 3150 dicitque
1052 3077 1134 3130 earn
1153 3053 1428 3130 translationem
1453 3044 1583 3131 sarram
1614 3041 1908 3139 circuitionum¹

267 3197 373 3277 1047·
393 3174 484 3249 alias
510 3196 614 3272 1057.
642 3175 827 3277 iqrtenon
850 3175 937 3249 satis
959 3158 1100 3250 m'emor
1121 3174 1292 3261 Numeri,
1316 3196 1427 3271 quem
1447 3174 1561 3248 oculis
1580 3173 1651 3272 ipse
1672 3165 1743 3250 suis
1768 3203 1883 3277 quon.
1929 3267 1937 3277 ,
2047 3227 2056 3263 Ι

265 3297 351 3373 dam
364 3294 516 3388 legerat,
531 3292 630 3368 hunc
648 3294 876 3392 posteriorem
891 3315 1083 3371 numerum
1099 3294 1346 3389 imprudenter
1359 3284 1510 3367 timidus
1525 3295 1675 3370 addidit.
1727 3295 1885 3380 Omnem

265 3412 371 3492 nobis
398 3412 602 3515 scrupulum
631 3412 761 3489 eximit
790 3412 1118 3492 Reuerendissrmus
1145 3415 1324 3510 Georgius
1356 3414 1499 3501 abbas,
1537 3412 1715 3512 qnantum
1737 3418 1883 3498 Nomen
1917 3456 1920 3461 ·

266 3532 617 3628 Weingartenfibus!
644 3531 749 3628 cujus
770 3532 889 3608 Verba
909 3533 955 3607 ad
971 3533 1125 3634 Apicem
1147 3533 1220 3608 huc
1236 3533 1450 3609 exscribam:
1479 3533 1586 3607 Miror
1606 3559 1627 3609 a
1650 3513 1791 3631 W'grrico
1803 3541 1884 3638 pefi-

225 3658 231 3663 ’
266 3670 333 3728 troo
348 3650 445 3753 suffe
478 3639 775 3747 (subdubitantet
796 3653 964 3750 quoque)
995 3650 1124 3728 Annum
1155 3675 1258 3750 1057.
1288 3677 1355 3729 cum
1379 3659 1413 3729 in
1444 3651 1632 3754 Monasterr'o
1663 3654 1883 3763 Anausin,

266 3776 346 3851 vnde
372 3771 530 3867 Wgulcrrt
539 3771 602 3869 stro
619 3770 755 3873 occepiffi
777 3775 917 3855 curcur,
942 3778 975 3846 in
998 3790 1094 3848 Loco
1123 3793 1367 3876 euertuntur,
1391 3775 1446 3847 vlt·
1468 3773 1503 3845 de
1526 3772 1729 3850 vammum
1751 3783 1804 3854 bac
1825 3789 1883 3858 atr·-
2022 3819 2025 3826 ·

266 3895 338 3989 qaid
355 3908 490 3966 normam
508 3893 565 3992 est,
582 3893 682 3988 stilum
701 3907 842 3987 appareat
858 3890 969 3986 postus
986 3895 1097 3967 Annas
1118 3893 1315 3967 MXLVH.
1341 3892 1397 3989 quo
1418 3899 1538 3967 circiter
1567 3906 1695 3989 tempora
1721 3900 1885 3992 veritſsrrrite

241 4078 248 4096 ,,
267 4016 305 4114 est
317 4011 440 4105 fariam
459 4009 512 4108 effe
528 4017 761 4085 translationem.
811 4009 929 4085 Immo
949 4010 1113 4086 historica
1137 4034 1185 4085 ex
1203 4012 1291 4103 Fide
1307 4035 1384 4086 non
1404 4011 1481 4106 jam
1500 4009 1715 4099 verosimile,
1739 4015 1798 4095 sed
1821 4046 1884 4098 ex-

266 4130 433 4232 peditum
453 4130 577 4226 judico
600 4127 699 4204 hunc
722 4132 803 4204 sane
822 4127 975 4205 Annum
994 4142 1093 4206 certo
1115 4129 1175 4226 figi
1189 4129 1437 4206 translationis
1455 4129 1568 4207 fatiae
1584 4132 1726 4210 debere.
1775 4139 1886 4222 Hunc

268 4252 369 4327 enim
399 4249 542 4327 tabulae
568 4248 968 4336 Astomonasterienses,
1000 4247 1099 4324 lrunc
1125 4249 1236 4326 etiam
1273 4250 1412 4327 nostrae
1442 4249 1667 4327 Domesticae
1695 4254 1886 4355 aliquoties

268 4369 500 4468 adscripsore,
533 4370 627 4443 duae
647 4367 851 4468 inspublico
879 4369 986 4473 loco,
1012 4367 1244 4465 Hypocauslo
1270 4370 1440 4448 videlicet
1465 4371 1680 4446 recreatorio
1707 4376 1887 4475 suspensae

268 4488 560 4566 Translationem
587 4489 756 4562 adhunc
783 4480 1063 4585 roipslnnum
1089 4487 1266 4577 referunt,
1307 4487 1425 4588 quid?
1459 4489 1556 4586 quod
1586 4489 1630 4564 R.
1662 4491 1702 4568 Ρ.
1731 4495 1886 4595 Jacobus

267 4607 418 4686 Scheklr
441 4606 526 4682 Ord.
552 4605 590 4681 S.
603 4599 814 4681 ''Saluatoris
835 4607 1084 4684 Altomnnster
1102 4607 1206 4683 Prior
1225 4609 1263 4685 dr
1284 4610 1466 4683 Consesior
1481 4608 1660 4702 generalis
1680 4610 1718 4688 in
1740 4620 1887 4699 Catulo-
2025 4652 2028 4657 ·

267 4749 315 4825 go
334 4725 603 4812 abbatissarum
634 4729 803 4825 praedisti
821 4727 1030 4813 Monasterii
1062 4729 1240 4803 Histrudern
1269 4752 1366 4815 anno
1397 4731 1467 4804 hoc
1495 4728 1569 4827 ipso
1593 4754 1697 4828 1047.
1716 4734 1795 4831 jam
1815 4742 1888 4822 inte

1146 4849 1180 4925 C
1221 4850 1233 4920 Γ
1787 4860 1889 4959 psae—
1920 4884 1924 4890 ·
