4276 5670
770 454 772 461 ·
856 371 1275 491 *meo*
1669 414 1675 419 ’
1804 412 1874 493 ur

246 569 337 673 Jure
355 571 450 649 soret
472 571 691 652 faciendum.
743 571 793 648 Et
812 572 1011 652 nilominus
1035 573 1060 648 sr
1084 576 1290 663 decretum,
1314 554 1596 652 declarationem
1621 575 1660 653 dr
1682 570 1873 649 ammotio·

245 708 335 766 nem
352 690 564 783 hujusmodl
578 717 644 792 per
661 716 746 768 eum
762 691 839 768 lieri
857 692 1102 787 contingeret,
1129 703 1168 771 vt
1182 695 1378 791 praefertur
1396 695 1442 766 de
1462 693 1602 768 meritis
1630 691 1872 788 &ydoneita·

245 816 288 884 te
306 806 447 909 Jomuds
472 808 683 905 hujusmodi
700 812 878 908 praetutia
904 810 1115 889 autioritate
1137 813 1170 886 se
1196 813 1309 887 etiam
1329 811 1521 906 diligenter
1543 810 1763 897 informaret,
1789 806 1872 889 &li

246 948 313 1026 per
342 927 637 1005 informationem
667 927 779 1026 ipsam
803 928 983 1004 inueniret
1007 933 1163 1007 eundern
1188 927 1363 1029 Jolmmum
1386 932 1434 1005 ad
1459 929 1625 1024 regimen
1654 927 1693 1006 δι
1718 928 1873 1004 admini-

244 1045 459 1125 linationem
481 1046 565 1124 diui
584 1047 790 1123 lilionalierii
813 1049 889 1126 fore
911 1049 1118 1144 ydoneum,
1153 1051 1344 1147 superque
1365 1049 1443 1142 ejus
1465 1046 1720 1124 conscientiam
1746 1070 1873 1123 onera-

247 1168 327 1252 bat,
351 1166 564 1263 depersoner
589 1164 754 1261 ejusdem
777 1162 935 1265 Joinnnis
961 1167 1082 1241 eidem
1105 1168 1320 1242 blonasterio
1342 1165 1446 1263 cujus
1471 1167 1605 1244 fruetus
1624 1165 1805 1252 redditus,
1832 1168 1872 1246 dr

225 1288 310 1383 ⁴'pro
336 1297 471 1362 ventus
492 1297 699 1361 trecentum
720 1285 948 1361 Mancharum
979 1285 1119 1380 argenti
1149 1285 1344 1361 secundum
1381 1307 1613 1360 communem
1637 1282 1872 1360 existimatio·

245 1426 334 1480 nem
350 1401 509 1481 valorem
530 1425 694 1479 annuum
712 1416 752 1482 vt
775 1403 988 1480 asserebatur
1013 1429 1086 1479 non
1107 1406 1350 1488 excedebant,
1378 1402 1449 1476 saue
1465 1426 1528 1498 per
1550 1404 1737 1479 decretum
1752 1402 1793 1481 dc
1807 1405 1871 1480 de·
1947 1395 1950 1399 ’

246 1522 483 1600 elarationem
510 1536 575 1598 aut
594 1523 784 1600 cellronem
815 1524 871 1601 vel
894 1523 1154 1600 ammotionem
1180 1521 1390 1619 hujusmodi
1414 1533 1503 1596 tunc
1531 1519 1602 1595 srue
1624 1520 1712 1607 allas
1739 1523 1870 1620 quouis

247 1643 358 1722 modo
383 1654 447 1717 aut
475 1666 523 1717 ex
550 1640 699 1717 alterins
733 1626 981 1740 cujuscunque
1013 1643 1159 1739 persona
1186 1654 1331 1717 vacaret
1367 1641 1478 1715 etiam
1519 1636 1543 1712 sr
1578 1641 1657 1734 ejus
1691 1640 1870 1740 dispositio

248 1784 295 1836 ex
323 1761 452 1858 queuis
488 1760 594 1835 causa
627 1762 674 1837 ad
705 1759 828 1835 'sedern
857 1761 1083 1856 apostolicam
1111 1759 1306 1861 specialiter
1329 1759 1385 1837 vel
1410 1756 1625 1854 generaliter
1653 1759 1868 1855 pertineret,

247 1881 446 1957 dummodo
472 1880 567 1956 ditia
593 1880 653 1955 die
678 1879 721 1953 X.
746 1879 898 1954 Calend.
923 1879 1100 1956 Nouemb.
1124 1903 1199 1955 non
1228 1879 1313 1954 esset
1336 1881 1457 1954 eidem
1483 1875 1700 1952 Monasterio
1728 1879 1775 1954 de
1793 1880 1870 1957 Ab·

247 1996 331 2100 bate
354 1997 529 2073 canonice
555 1997 735 2095 prouisum
758 1997 919 2093 praefata
943 1998 1159 2075 austoritate
1176 1998 1401 2096 prouideret,
1432 1997 1617 2094 ipsumque
1639 1992 1691 2069 illi
1713 1997 1869 2093 praeser-

182 2201 187 2208 ,
248 2129 303 2193 ret
329 2117 368 2195 in
393 2117 576 2194 Abbatem
609 2138 755 2202 curam,
789 2117 968 2212 regimen,
1017 2116 1427 2195 &administrationem
1456 2115 1539 2192 diiii
1569 2111 1868 2194 Monalierii'fibi

247 2235 284 2313 l'u
307 2226 548 2335 spiritualibus
575 2235 891 2332 &temporalibus
917 2237 1075 2333 plenarie
1098 2234 1371 2320 committendo,
1423 2226 1479 2310 Ne
1503 2247 1625 2311 autem
1658 2234 1774 2311 ditius
1803 2234 1868 2333 Ju-

248 2336 369 2431 laon
386 2353 586 2431 voluntatis
610 2353 648 2432 de
673 2354 904 2431 conceffionis
938 2353 1149 2450 hujusmodi
1174 2376 1238 2451 pro
1264 2378 1310 2428 eo
1332 2354 1427 2452 quod
1456 2354 1556 2451 super
1587 2353 1658 2429 illis
1687 2353 1771 2432 diiii
1796 2354 1867 2431 Ca·

247 2473 312 2552 lilii
326 2473 612 2552 'Praedecelloris
637 2473 908 2571 superueniente
937 2473 1055 2560 obitu,
1093 2472 1236 2548 litterae
1259 2472 1470 2571 apostolicae
1490 2473 1767 2553 confectae-non
1788 2475 1867 2555 fue·

190 2684 200 2695 .
230 2605 345 2679 -runt,
369 2592 554 2669 frustretur
578 2591 722 2675 elieiiu,
760 2592 923 2669 volentes
951 2594 988 2670 dr
1016 2594 1146 2668 eadem
1172 2594 1382 2670 austoritate
1417 2593 1654 2668 decernentes
1681 2599 1778 2694 quod
1804 2621 1867 2674 vo·

247 2711 429 2789 luntas&
454 2711 626 2786 concellm
655 2710 775 2785 Calilli
807 2710 1086 2786 Praedecelloris
1128 2710 1339 2807 hujusmodi
1370 2711 1414 2784 ab
1451 2711 1580 2786 eadem
1615 2712 1675 2785 die
1708 2712 1753 2788 X.
1789 2715 1865 2825 Cal

248 2832 425 2911 Nouemb.
454 2829 553 2905 suum
578 2829 769 2904 sortiantur
795 2829 978 2918 effectum,
1019 2831 1169 2926 perinde
1204 2852 1247 2905 ac
1276 2829 1299 2903 sr
1322 2830 1422 2927 super
1450 2829 1521 2904 illis
1548 2827 1715 2923 ejusdem
1742 2832 1864 2910 Calili'i

247 2943 522 3028 praedecessoris
535 2948 695 3036 litterae,
722 2950 782 3024 sub
803 2951 983 3047 praefatae
1006 2948 1078 3023 diei
1097 2951 1183 3025 dato
1200 2947 1382 3023 conuenae
1397 2947 1556 3034 fuissent,
1579 2961 1685 3045 prout
1706 2951 1865 3047 superius

247 3082 450 3151 enarratur,
491 3058 660 3166 quodque
683 3069 885 3166 praesentes
912 3068 1054 3144 litterae
1084 3068 1132 3143 ad
1166 3068 1390 3164 probandum
1427 3066 1532 3164 plene
1566 3067 1791 3145 voluntatem
1827 3072 1866 3150 dr

248 3189 504 3266 concelbonem
537 3185 658 3264 Calilii
694 3188 968 3286 praedecessoris
1011 3185 1220 3283 hujusmodi
1259 3185 1390 3283 ubique
1422 3185 1614 3275 sufficiant,
1648 3211 1718 3263 nec
1750 3188 1798 3264 ad
1827 3188 1865 3264 id

247 3306 462 3407 probationis
484 3306 631 3382 alterius
656 3307 920 3384 anminiculum
952 3307 1172 3406 requiratur,
1206 3303 1409 3383 discretioni
1451 3317 1535 3381 tuae
1564 3330 1627 3404 per
1662 3305 1866 3404 Apoliolica

247 3428 369 3526 scripta
393 3427 611 3501 mandamus
630 3425 801 3523 quatinus
829 3425 985 3504 nunus
1004 3419 1165 3524 Jolrames
1186 3427 1385 3524 praelatum
1411 3424 1550 3499 lodicum
1571 3426 1671 3523 super
1698 3425 1865 3525 praemis·
1961 3471 1964 3477 -

250 3547 433 3625 iscoram
466 3559 505 3619 te
529 3544 691 3620 accusare
714 3568 756 3620 ac
783 3547 816 3621 se
847 3548 883 3622 in
915 3548 1032 3622 forma
1055 3544 1151 3643 Juris
1172 3544 1360 3620 inscribere
1385 3538 1538 3620 voluerit
1564 3545 1748 3644 postquam
1780 3540 1866 3626 eum

191 3737 198 3751 ,
249 3664 462 3743 accusauerit
485 3662 523 3739 δι
543 3663 576 3737 se
606 3663 835 3763 inscripserit,
861 3680 900 3745 vt
922 3667 1137 3763 praefertur,
1168 3665 1308 3742 vocatis
1335 3664 1430 3740 uiuo
1460 3664 1598 3762 jodoco
1629 3666 1667 3743 δι
1694 3667 1776 3744 aliis
1801 3668 1865 3766 qui

250 3785 378 3863 suerint
405 3783 584 3860 euocandi
610 3787 710 3881 super
736 3787 859 3862 relatis
884 3788 1025 3862 eisdem
1052 3785 1212 3883 inquiras
1238 3783 1399 3883 praefata
1422 3784 1634 3864 autioritate
1655 3786 1865 3883 diligentius

251 3904 451 3992 ueritatem,
495 3901 579 3982 &fi
609 3926 671 4001 per
693 3906 960 4004 inquisitionem
986 3903 1197 4002 huiusmodi
1223 3904 1421 4002 reppereris
1452 3904 1566 3981 relata
1589 3907 1672 4004 ipsa
1698 3906 1776 3998 foro
1804 3931 1865 3985 ve·

251 4046 286 4100 ra
308 4025 519 4102 eleliionern
559 4025 597 4102 da
639 4023 965 4104 confirmationem
1000 4023 1233 4123 hujusmodi,
1277 4049 1320 4100 ac
1354 4026 1440 4100 inde
1470 4027 1590 4100 secuta
1627 4046 1865 4126 quaecunque

254 4144 376 4221 nulius
404 4143 505 4219 fuisse
537 4142 575 4219 δε
596 4142 664 4216 esse
690 4145 827 4225 roboris
853 4147 908 4224 vel
932 4149 1108 4224 momenti
1138 4147 1266 4220 eadem
1294 4145 1505 4223 austoritate
1530 4147 1704 4221 decenus
1734 4149 1865 4244 pariter

257 4263 485 4347 &declarem
533 4255 718 4359 ipsumque
758 4262 909 4364 Judocum
941 4268 985 4344 ab
1034 4267 1166 4341 eodem
1212 4265 1428 4340 Monallerio
1473 4264 1616 4342 realiter
1654 4288 1864 4342 ammoneas

257 4396 349 4481 prout
374 4371 521 4477 dejure
544 4380 653 4457 luerit
682 4381 900 4460 faciendum.
979 4384 1031 4461 Et
1055 4384 1196 4483 insuper
1224 4384 1248 4459 sr
1276 4387 1483 4470 decretum,
1516 4383 1797 4461 declarationem
1827 4388 1865 4463 dt

261 4500 728 4598 turmotionem'hujusmodi
745 4527 806 4601 per
816 4516 853 4578 te
863 4503 940 4580 sreri
954 4505 1162 4599 contingat,
1188 4515 1228 4581 vt
1243 4502 1462 4601 praefertur,
1486 4503 1532 4578 de
1557 4501 1751 4581 meritis&
1772 4507 1865 4601 ydo-

261 4621 376 4698 neitate
397 4621 484 4699 diui
510 4621 687 4720 lobannis
722 4623 851 4700 eudem
883 4626 1095 4703 autioritate
1114 4637 1152 4702 te
1177 4622 1370 4718 diligenter
1396 4621 1606 4703 informes.·
1620 4620 1658 4698 dc
1681 4619 1704 4695 sr
1728 4644 1791 4718 per
1810 4622 1867 4697 in-'

209 4816 212 4823 ,
260 4735 495 4859 sarmationem
525 4741 738 4838 hujusmodi
774 4741 890 4842 ipsum
927 4743 1133 4842 johannem
1174 4744 1222 4820 ad
1253 4741 1417 4839 regimen
1449 4741 1488 4819 &
1519 4740 1865 4818 administrationem

1095 4863 1125 4938 Z
1780 4861 1867 4937 uitii
