4276 5670
671 462 706 503 .,
779 477 780 481 ψ
855 352 1324 493 βαρεῶν
1390 479 1392 482 J
1772 371 1878 496 ἰιι

1894 522 1909 587 11
1998 512 2081 571 ..2

257 569 353 648 albus
373 576 533 670 antiquis,
557 574 641 678 plus
667 574 780 649 domni
801 575 982 677 perpcfflzm
1008 575 1086 680 effi,
1127 576 1262 679 affecere
1294 578 1446 655 audent?
1502 574 1608 655 Proca
1629 578 1740 654 uidere
1769 578 1810 678 ιβ
1842 578 1880 651 in

250 691 405 791 scriptis,
446 719 527 790 quac
558 719 625 768 ona
656 698 876 771 transmittere
907 696 1084 771 voluiums:
1127 680 1257 797 quaest
1286 701 1321 774 im
1357 723 1473 772 manus
1498 696 1617 796 sacrae
1654 697 1878 795 Inqcusttionis

258 809 354 887 Fidei
385 814 552 907 venirent,
596 814 767 888 uerendum
790 828 899 902 certe,
949 813 990 890 fd
1019 813 1140 891 Patres
1162 816 1356 914 seueriorem
1389 822 1458 916 ejus
1482 814 1648 914 censuram
1671 815 1874 917 sustinerent.

262 928 388 1029 Quibus
414 943 521 1004 tamen
545 930 728 1006 rationibus
749 928 913 1007 Patres
898 959 934 1007 m
956 931 1053 1010 Aula
1082 933 1238 1033 Caesario
1261 938 1405 1009 maxime
1430 948 1596 1036 potentes,
1628 949 1690 1010 aut
1715 934 1773 1007 hoc
1800 958 1879 1006 con·

249 1049 443 1162 sequentur
469 1060 506 1123 ut
528 1049 778 1149 Mmapcria'·
751 1077 794 1125 ns
809 1050 978 1126 ordinibus
998 1050 1113 1149 patus
1131 1051 1247 1129 ablata
1261 1054 1363 1153 sunt,
1396 1067 1456 1132 auct
1481 1055 1567 1130 certe
1592 1069 1629 1130 ut
1653 1053 1876 1155 Restitutioais

256 1193 349 1243 asora
374 1169 517 1267 periculo
535 1170 630 1286 ffisaa
654 1182 808 1254 texatur,
854 1168 896 1246 id
919 1171 995 1246 dum
1022 1169 1088 1247 Rel
1087 1174 1182 1272 igiost
1201 1200 1272 1248 cum
1297 1173 1364 1249 Rel
1362 1163 1473 1277 igiofts
1488 1175 1576 1274 quast
1563 1172 1639 1248 ede
1664 1170 1797 1247 Praeda
1819 1167 1876 1245 dc·
2017 1182 2021 1192 '

256 1300 402 1374 certant,
429 1287 545 1390 Hostes
565 1287 664 1366 Fidei
685 1316 759 1364 non
765 1288 859 1364 mado
882 1292 1065 1394 grausfflmc
1072 1290 1363 1391 scandalizentur
1380 1292 1445 1394 sed
1459 1320 1476 1367 e
1477 1296 1557 1370 tiam
1578 1291 1711 1392 resucnrt
1697 1318 1729 1367 ιι
1683 1288 1875 1368 tuiribiu

254 1403 496 1506 chlitutiouem
523 1411 652 1505 omnino
676 1407 857 1485 aceretem.

357 1597 455 1698 Quod
479 1623 555 1696 quo
575 1587 703 1675 ratione
723 1593 886 1676 Patres
871 1541 1093 1680 immanendo
1117 1554 1187 1676 Dei
1207 1590 1335 1700 judicio
1354 1600 1542 1700 exsuscitari
1556 1602 1646 1704 fiat,
1681 1625 1748 1675 non
1768 1621 1873 1696 appo-

250 1731 315 1796 rct.
373 1717 449 1794 Nos
474 1731 558 1792 certe
582 1716 667 1794 uiuil
702 1746 724 1793 a
755 1718 914 1795 Patribus
938 1723 1189 1818 promeruimus,
1227 1747 1284 1795 nec
1310 1726 1345 1796 ιἰι
1375 1720 1578 1821 Monosteria
1609 1715 1873 1816 Wsrtenbergiae

252 1850 380 1912 ventres
411 1839 548 1935 pigros,
598 1834 639 1913 &
669 1840 809 1937 ignauos
837 1840 976 1938 pecudes
1002 1824 1164 1916 inmittere
1197 1843 1398 1937 cogitamus3
1440 1838 1504 1939 sed
1536 1836 1737 1938 Religiosos
1754 1833 1870 1924 bonos,

254 1956 376 2044 tonos,
407 1957 443 2029 iu
469 1954 560 2030 Cura
587 1959 770 2034 animarum
796 1959 915 2059 stmul,
946 1956 1001 2035 ‘il
1022 1958 1212 2057 Defcipliua
1240 1958 1388 2057 regulari
1419 1961 1636 2040 exercitatosc
1674 1953 1779 2038 tales,
1819 1956 1872 2029 in·

254 2099 372 2172 quom,
411 2074 521 2172 quales
534 2069 633 2150 ‘anno
661 2080 841 2174 praeterito
869 2081 904 2152 in
937 2072 1172 2176 Monullerium
1198 2075 1471 2176 Reiclrenbacensc
1498 2077 1701 2181 stmiliteso
1732 2070 1871 2169 Coefirre
1936 2087 1969 2127 ‚¹
2035 2078 2045 2129 ἐ

255 2198 291 2269 in
321 2191 568 2291 Wrstenlurgia
594 2196 772 2293 restitutum
794 2197 1002 2298 ιἰιιιιίβιιιιιι
1046 2200 1104 2294 qui
1131 2221 1203 2270 cum
1230 2195 1345 2270 diuina
1369 2199 1486 2294 gratia
1511 2198 1604 2272 intra
1622 2218 1746 2293 paucos
1770 2191 1872 2266 Mem
1952 2258 1964 2273 .

247 2314 339 2413 ses
330 2339 437 2387 omnes
463 2311 659 2412 Monaslerii
679 2311 868 2412 subditos
854 2342 890 2390 m
906 2315 972 2415 sex
994 2340 1105 2415 pagos
1129 2314 1183 2391 uel
1216 2311 1331 2388 Villos
1357 2312 1479 2411 diuisos
1504 2315 1552 2389 ad
1577 2312 1693 2389 Fidem
1714 2309 1870 2404 castau-
1977 2385 1991 2398 ,

254 2458 325 2508 com
349 2442 574 2507 conuertcrunt
607 2457 671 2506 non
700 2432 815 2522 modo,
851 2431 919 2535 sed
940 2435 1040 2562 etiam
1054 2435 1234 2537 serueatct
1253 2429 1291 2507 du
1316 2430 1427 2508 eadem
1454 2430 1706 2529 catechizando,
1744 2429 1869 2509 curteio·

251 2550 419 2668 noredopue
449 2550 695 2626 reddiderant.

355 2738 480 2840 Quibus
502 2741 542 2815 dc
571 2738 667 2816 rebus
685 2767 801 2841 operae
827 2684 968 2843 pretium
985 2741 1207 2844 iudicauimus
1226 2645 1514 2842 Reuereudifflmoe
1527 2668 1730 2819 Potcrnitati
1749 2741 1870 2838 ιιιβιιι
1974 2698 1982 2823 ,1
2056 2749 2059 2752 ’

186 2969 188 2972 Ι
245 2857 422 2960 scribere,
456 2858 546 2958 apud
578 2858 682 2959 ipfizm
716 2865 844 2950 nomiae
879 2862 1176 2961 Congregationum
1211 2857 1424 2936 &ordinum
1450 2866 1627 2960 nostrorum
1657 2862 1698 2936 de
1729 2856 1869 2933 Parnm

235 2980 471 3055 -cdteutatione
498 2983 667 3075 conqueri,
709 2977 750 3055 id
772 2978 969 3056 uclrermnter
990 2978 1139 3078 seriomce
1169 2977 1396 3077 interpellare,
1431 2991 1470 3054 ut
1493 2976 1628 3054 Patrem
1648 2977 1868 3054 Lomormars·

248 3125 342 3187 ιιιιι,
386 3110 565 3193 ceterosque
597 3099 753 3198 stmilium
776 3095 977 3198 scriptorum
1009 3097 1154 3174 nudiores
1185 3097 1295 3194 (quos
1322 3123 1367 3173 ex
1391 3096 1470 3171 aulo
1493 3095 1656 3194 Caesarea
1674 3096 1781 3197 focile
1806 3093 1869 3169 lua·
1959 3093 1961 3096 ’

248 3217 329 3294 'bere
352 3220 476 3316 poterit
500 3216 672 3315 cognitos)
696 3216 740 3292 alr
767 3216 950 3316 hujusmodi
977 3216 1146 3293 conatibus
1166 3216 1336 3316 efficaciter
1362 3216 1548 3305 dehortari,
1582 3216 1705 3315 suaque
1727 3213 1868 3290 audiari-

250 3350 320 3413 tate
341 3335 482 3410 inhibere
511 3361 551 3410 ne
571 3335 714 3434 diffluat.
765 3337 942 3434 Alioquin,
979 3340 1036 3438 etsi
1059 3337 1099 3412 de
1128 3335 1285 3412 Wnccna
1308 3335 1546 3435 Cogitationem
1568 3337 1696 3411 nullam
1717 3332 1868 3410 admitti·
1979 3430 1982 3435 ,
2068 3325 2076 3334 ’

250 3482 339 3543 mus,
365 3449 545 3554 sedetiam
566 3480 628 3551 pro
655 3453 867 3530 malisBona
890 3455 1062 3554 rependere
1080 3454 1345 3553 poratisumuu,
1392 3468 1500 3531 tamen
1521 3458 1555 3554 fi
1578 3479 1705 3530 annuos
1736 3452 1867 3552 Ριιβο·

250 3601 325 3663 nes,
356 3573 469 3670 quidm
497 3573 733 3674 Constantiease
758 3572 940 3672 Collegium
964 3574 1084 3661 alitur,
1104 3571 1385 3672 subtraheremus,
1411 3572 1467 3656 ,il
1484 3573 1687 3650 adolendos
1711 3574 1747 3647 in
1771 3583 1866 3648 utro·
1974 3661 1977 3669 Ι

251 3720 311 3793 pue
338 3691 445 3768 Curia
466 3690 718 3779 Procuratores,
758 3693 902 3790 aliosque
925 3691 1001 3791 usus
1023 3692 1115 3768 nobis
1142 3695 1251 3792 magis
1269 3693 1366 3768 utiles
1387 3695 1643 3792 applicaremus,
1668 3717 1765 3800 nemo
1780 3714 1866 3790 psu-

250 3815 330 3890 dens
349 3813 431 3887 uitio
454 3825 601 3893 uerteret.
657 3810 756 3910 Quod
765 3814 799 3913 β
817 3837 894 3887 uero
918 3809 963 3887 R.
991 3808 1032 3887 P.
1057 3810 1102 3887 V.
1128 3826 1254 3887 mature
1278 3811 1355 3886 illos
1376 3836 1400 3884 a
1416 3815 1535 3912 coeptis
1552 3808 1750 3897 retraxerit,
1774 3809 1866 3912 ordi·

251 3957 307 4007 nes
334 3931 435 4030 nostri
467 3957 531 4005 non
557 3943 684 4007 tantum
725 3934 760 4005 in
789 3929 999 4036 Monojleriis
1020 3931 1151 4030 nostris,
1175 3931 1239 4028 scd
1258 3930 1323 4028 suo
1351 3942 1534 4028 tempore
1526 3934 1625 4042 mom
1649 3933 1685 4006 in
1712 3928 1869 4029 restitutis

250 4050 482 4127 liberalitatem
505 4050 605 4150 suam
636 4075 718 4150 erga
744 4047 938 4127 Societatem
973 4052 1109 4152 uestram
1137 4045 1308 4124 extendere
1324 4072 1443 4146 porro
1472 4031 1621 4148 pergent.
1694 4047 1887 4144 Beniguur‘
2009 4136 2018 4153 .

251 4170 347 4246 Deus
381 4166 427 4246 R.
453 4167 493 4243 P.
523 4168 568 4243 V.
608 4168 780 4255 Societati
799 4165 897 4341 suae,
947 4165 989 4245 Ei
1019 4170 1082 4243 toti
1115 4163 1281 4270 Ecclcfiae
1320 4158 1489 4266 ciiultifflme
1517 4165 1628 4266 seruet
1665 4165 1884 4242 incolumem·

249 4272 469 4388 Addiliiffimi
494 4285 646 4411 Abdotes
668 4291 790 4385 cte)
745 4291 800 4395 g)

342 4481 578 4580 Responsum,
599 4480 697 4577 quod
716 4480 756 4555 P.
768 4477 960 4556 Generalis
976 4475 1343 4560 Mutianitellescur
1359 4505 1417 4583 ιι.
1433 4475 1585 4577 Augusti
1599 4477 1646 4556 ad
1658 4477 1727 4554 hus
1744 4471 1864 4552 Litte-
1906 4527 1907 4530 .

247 4626 307 4701 m
328 4605 447 4680 Roma
464 4595 619 4686 remifit,
644 4601 681 4679 δι
699 4620 764 4698 pro
784 4595 902 4679 nostro
920 4597 1082 4676 instituto
1095 4596 1240 4703 longius
1257 4603 1294 4681 δι
1312 4622 1378 4700 pro
1399 4601 1461 4682 sou
1474 4597 1692 4678 aetnam
1708 4592 1865 4687 debilius

1061 4714 1220 4794 Kkka
1794 4712 1894 4837 ost,s

289 4855 1330 4998 gurm.9c.suugprespusuuscuou.op·sslsu
