4276 5670
68 467 73 473 .
172 503 174 507 ,
239 411 287 472 22
843 377 1261 470 ewffabne

241 557 437 650 Altorsensr
459 553 554 635 Villa
576 575 646 630 curu
674 552 966 632 Snrtltmonr'aiiinr.
1029 557 1150 651 Poslrri
1180 579 1265 632 vcro
1289 552 1524 632 mutauerant
1547 557 1636 643 hoc,
1670 540 1866 636 transtule-

237 699 326 770 runt
346 682 448 759 enirn
469 673 752 753 santlimoniales
775 674 810 748 iu
833 674 1075 760 Coenobium‚
1109 676 1207 774 quod
1231 686 1380 755 vocatur
1396 679 1649 772 Arrnmoprer..
1681 679 1721 756 dt
1738 680 1868 757 Mona·

239 810 350 894 ciros,
374 801 437 902 qui
457 796 506 873 ibi
528 795 858 881 commorabantur,
889 795 1120 871 deduxerunt
1139 795 1184 900 in
1201 794 1437 893 supradiiium
1459 796 1581 873 locum
1602 795 1867 896 praecipientes

234 917 314 1012 eisc
336 934 377 1004 vt
398 917 597 1015 regularem
614 917 728 992 vitam
753 912 803 988 ibi
824 916 1067 1002 obfuscarent,
1092 916 1190 1012 quod
1213 916 1346 994 latium
1362 915 1412 992 est
1427 916 1569 993 tamdiu
1586 915 1686 992 enirn
1708 922 1751 992 ili
1766 939 1867 993 corn·

195 1085 198 1090 ·
239 1045 492 1130 morabantur.
517 1035 616 1135 quod
634 1046 709 1107 tres
730 1026 891 1108 Abbates
911 1037 955 1109 ihr·
978 1057 1071 1111 vous
1100 1034 1177 1132 post
1201 1058 1314 1111 vnum
1328 1034 1375 1108 in
1399 1034 1527 1111 ordine
1546 1056 1589 1108 ac
1612 1047 1776 1134 tempore
1804 1036 1866 1113 suo

239 1169 372 1263 Minas
394 1163 486 1236 sunt.
521 1153 613 1254 -Ipia
630 1152 744 1228 etiam
768 1153 867 1226 Bruta
896 1176 981 1230 cum
1005 1153 1095 1228 Filio
1118 1155 1177 1229 suo
1205 1153 1359 1248 Roudoifo
1384 1154 1437 1229 ibi
1458 1154 1611 1252 sepulta,
1646 1154 1707 1229 sed
1725 1176 1864 1231 rosana

240 1307 317 1366 uve
338 1297 558 1359 rnnusus'rn
586 1294 652 1348 ssu
676 1269 737 1367 ¹³),
762 1270 881 1370 postea
902 1283 987 1349 vero
1009 1298 1056 1347 ex
1083 1272 1220 1349 eorum'
1237 1272 1415 1368 Progenie
1444 1275 1594 1372 quidam
1626 1274 1798 1372 Princeps
1825 1272 1867 1354 &

144 1481 148 1489 .
238 1427 316 1488 nux
342 1401 442 1497 erfo
459 1397 521 1494 ω)
551 1392 702 1470 nomine
731 1414 815 1466 cum
844 1394 963 1469 Virore
988 1394 1049 1467 sua
1080 1395 1286 1482 irmintrude,
1318 1417 1428 1490 quarn
1457 1395 1612 1471 duxerat
1642 1396 1867 1469 de‘Glizbrrrb
1916 1376 1926 1392 ’

237 1521 504 1613 transtulerunt
524 1515 633 1614 ipsam
654 1501 846 1588 Abbatiam
869 1533 947 1586 uve
973 1533 1085 1587 svrnn
1110 1533 1293 1600 monnau,
1310 1513 1393 1607 nee)
1424 1514 1485 1590 vbi
1509 1537 1607 1591 nunc
1621 1510 1864 1590 coufiilimus:

85 1709 98 1727 .
227 1649 277 1727 1&
297 1647 397 1722 hunc
424 1639 545 1715 locum
571 1647 649 1708 tam
677 1631 751 1730 lpse
771 1654 880 1729 quarn
911 1630 1044 1707 Posteri
1070 1630 1119 1706 sui
1152 1631 1329 1728 praediis,
1372 1634 1584 1733 llllancipiis,
1625 1657 1668 1711 ac
1683 1618 1865 1711 'Decimis

134 1752 145 1775 '
238 1765 465 1847 abundanter
484 1757 704 1833 ditauenurt.
759 1750 900 1848 insuper
920 1756 1048 1826 omnes
1071 1750 1256 1851 Principes
1284 1751 1390 1828 noslri
1417 1753 1592 1832 &Duces
1610 1757 1654 1839 ‚dr
1678 1752 1865 1830 Aduocati

238 1888 361 1966 iocum
379 1880 485 1956 iilum
505 1876 558 1952 ita
577 1872 732 1972 persesta
747 1869 914 1946 libertate
939 1874 1049 1969 perse
1072 1870 1165 1970 ipsos
1182 1893 1264 1946 cum
1278 1871 1494 1967 Apostolicis
1516 1897 1560 1950 ac
1583 1873 1865 1970 Imperatoribus

237 1991 676 2092 confirmauerunt,'quod
696 1989 786 2065 nulli
801 1990 992 2066 hominum
1010 1989 1096 2064 licet
1116 1991 1212 2064 hanc
1226 1989 1420 2086 infringere
1440 1991 1664 2078 libertatern,
1683 1993 1720 2068 in
1738 1991 1864 2071 bissex·

237 2126 291 2204 tili
317 2122 433 2208 anno,
457 2115 604 2216 quando
620 2108 793 2187 circuitus
805 2108 1024 2207 Episcopalis
1053 2110 1195 2211 euenit,
1216 2109 1356 2186 nullum
1375 2109 1437 2207 jus
1453 2111 1647 2210 Episcopus
1663 2112 1809 2188 hicnec
1824 2111 1864 2189 in
1907 2200 1912 2204 ,

103 2271 106 2276 ·
235 2241 397 2325 inferiori
415 2233 573 2314 Ecclesia
592 2230 721 2318 habet,
748 2227 906 2305 accessus
928 2231 1027 2305 euim
1050 2229 1139 2326 Ejus
1159 2229 1194 2304 in
1220 2229 1283 2305 illo
1305 2253 1402 2305 anno
1424 2230 1582 2328 pertinet
1600 2233 1652 2313 ad
1665 2224 1871 2310 Ecclesiam.

83 2378 89 2390 ·
205 2367 368 2461 Berge.
402 2399 452 2417 -
485 2397 535 2415 ·-
566 2393 616 2410 -
664 2347 871 2426 Decimatio
895 2371 998 2435 vero,
1040 2372 1135 2447 quae
1157 2349 1194 2424 in
1220 2347 1329 2447 ipsius
1354 2346 1532 2426 Ecclesiae
1554 2330 1708 2427 circuitu
1733 2349 1864 2450 persol-

236 2485 352 2571 vitur,
374 2499 494 2578 neque
511 2475 559 2552 ad
571 2469 683 2571 ipsam
698 2466 914 2554 Ecclesiam,
938 2491 1058 2566 neque
1073 2469 1119 2544 ad
1133 2467 1346 2567 Episcopum
1361 2469 1536 2567 pertinet3
1562 2468 1747 2569 Principes
1760 2469 1863 2549 enirn

238 2607 278 2686 dr
298 2602 479 2681 Duces&
499 2591 685 2672 Aduocati
705 2587 834 2674 nostri,
867 2586 930 2687 qui
956 2587 1066 2684 ipsam
1092 2588 1384 2665 Decimationem
1409 2589 1609 2688 antiquitus
1641 2590 1864 2668 hereditario
1879 2582 1909 2607 ''

195 2752 203 2764 ·
235 2725 316 2825 jure
335 2719 584 2822 possederunt,
606 2735 671 2810 pro
690 2707 881 2783 animabus
904 2706 974 2782 suis
992 2707 1029 2782 S.
1047 2705 1207 2783 Martino
1225 2709 1479 2806 perpetualiter
1497 2710 1544 2784 ad
1562 2709 1760 2786 Annonam
1776 2709 1864 2787 Fra·

236 2856 336 2924 trum
360 2836 597 2936 tradiderunt.
650 2827 772 2927 Siquis
787 2826 897 2903 verbo
922 2826 979 2904 vel
1000 2828 1093 2903 fasso
1115 2827 1243 2903 callide
1266 2828 1451 2904 consilium
1473 2827 1531 2904 vel
1556 2828 1726 2904 maliuole
1749 2830 1862 2906 dede·

235 2965 285 3044 rit
306 2972 433 3039 contra
454 2953 575 3030 locum
599 2949 726 3035 istum,
762 2945 821 3025 vel
843 2945 941 3021 male
961 2946 1185 3032 traslauerit,
1231 2947 1372 3025 nullum
1399 2945 1622 3025 consorcium
1652 2968 1771 3048 neque
1799 2946 1863 3027 hic

232 3106 304 3164 nec
324 3082 364 3158 in
384 3077 509 3155 futuro
526 3094 613 3148 cum
629 3065 819 3147 fidelibus
839 3062 1004 3152 habebit,
1027 3065 1201 3143 uaoenus
1223 3066 1294 3173 ille.

333 3339 368 3419 7.
392 3313 545 3416 lpiemet
565 3305 744 3406 Georgius
767 3306 891 3383 Abbas
909 3304 1005 3381 hanc
1024 3303 1110 3381 huic
1126 3304 1253 3403 scripto
1275 3304 1414 3404 subjicit
1432 3304 1565 3381 Crisrn:
1591 3329 1692 3397 „non
1710 3329 1881 3407 concors

234 3449 300 3526 dat
322 3443 416 3519 haec
444 3433 616 3529 scriptura
640 3451 726 3505 cum
746 3427 865 3503 nollro
886 3424 1074 3512 chronico,
1108 3423 1168 3504 vbi
1189 3450 1248 3500 non
1267 3430 1318 3529 isle
1339 3424 1468 3520 Guelfo,
1504 3425 1609 3523 cujus
1629 3425 1691 3501 hic
1718 3430 1861 3506 mentio

140 3632 144 3637 .
232 3567 295 3651 sit.
319 3562 380 3641 sed
407 3556 506 3633 lirin
536 3553 636 3648 Ejus,
668 3545 843 3623 nimirum
870 3545 986 3640 Gnosso
1001 3547 1064 3620 lis.
1096 3545 1177 3619 Dux
1203 3549 1375 3651 Corinthiae
1408 3557 1574 3621 narratur
1600 3545 1860 3626 ilionailerium
1893 3601 1896 3605 »

233 3710 282 3765 ex
303 3678 429 3761 Altors
439 3676 534 3773 super
556 3669 695 3745 Mortem
709 3659 944 3752 transtulisse,
970 3662 1198 3740 consentiunt
1217 3687 1302 3740 cum
1320 3665 1503 3741 Chronico
1517 3664 1643 3739 literae
1660 3662 1871 3742 Fundatio'

233 3805 293 3884 nis
316 3803 424 3878 datae
452 3813 556 3884 1090·
632 3786 743 3883 Gnrifo
768 3809 873 3872 vero,
913 3786 1016 3881 cujus
1042 3785 1081 3860 in
1105 3784 1175 3859 hac
1197 3784 1367 3881 scriptura
1394 3783 1436 3858 iit
1462 3785 1602 3859 mentio
1627 3806 1713 3859 cum
1735 3780 1879 3863 onre'

176 3951 182 3962 ¹
231 3928 295 4003 sua
316 3913 560 4000 irmentrude,
595 3930 689 4007 quae
709 3906 799 3983 alias
819 3906 931 3981 imiza
951 3927 1096 4004 quoque
1126 3907 1163 3982 ἀ
1188 3904 1418 3998 irmengarda
1443 3903 1623 3999 adpellata
1656 3901 1859 3995 inuenitur,

233 4038 438 4126 Monachos
459 4055 506 4107 ex
526 4025 801 4103 Altenmunster
820 4024 856 4099 in
884 4024 1059 4109 Altdorls.
1093 4023 1296 4102 &vicisim
1321 4021 1581 4098 Altdorffenses
1608 4023 1858 4102 sanctimonia·
1913 4039 1917 4043 ’

192 4173 197 4178 ’
228 4167 287 4246 les
306 4162 345 4240 iu
372 4149 598 4235 Altmuniler
621 4144 825 4229 transtulit,
852 4145 906 4220 ita
924 4144 1034 4223 habet
1052 4143 1213 4223 nostrum
1232 4141 1460 4228 chronicon,
1486 4143 1586 4242 quod
1614 4155 1653 4223 ut
1681 4159 1751 4218 onte
1776 4146 1858 4223 Ma-

558 4294 566 4301 ’
1327 4290 1332 4298 ’
1724 4267 1858 4345 nuscri·

256 4372 309 4514 Ιὅ)
329 4423 410 4491 lliox
430 4413 590 4516 uidebimus
608 4408 647 4480 Es
665 4408 711 4476 iric
720 4405 833 4495 fisum
852 4405 904 4496 effe
923 4403 1143 4474 chartularium.

269 4560 319 4636 aa)
346 4545 428 4633 Wolf
438 4547 566 4613 islaritus
582 4538 779 4606 Irmentrudis
795 4540 908 4605 Comes
921 4558 980 4602 noir
996 4537 1072 4602 Dux
1082 4532 1163 4618 suit,
1185 4533 1267 4600 filius
1284 4552 1385 4597 comm
1405 4530 1638 4599 Careniamrum
1654 4531 1734 4602 Dux
1751 4533 1857 4624 saal„

316 4661 353 4752 est
371 4655 464 4720 Anno
484 4669 577 4732 1047.
599 4669 637 4711 ex
655 4647 760 4711 Herm.
783 4645 880 4710 Conse.
906 4646 947 4710 ad
962 4642 991 4710 b.
1009 4660 1041 4708 a.
1215 4649 1221 4656 ·
1601 4656 1604 4660 -

274 4795 343 4873 Ψ)
364 4781 568 4854 irmentrudis
579 4776 647 4862 jam
661 4775 778 4864 pridem
797 4774 1056 4861 Albnomslerimrr
1082 4765 1264 4856 absceffirrnt,
1293 4765 1356 4852 ejus
1380 4787 1449 4832 uero
1469 4767 1595 4834 mariun
1620 4766 1770 4859 dccefferat
1788 4772 1808 4860 j
1833 4848 1839 4858 ¹

313 4906 381 4969 anto
401 4887 508 4968 Aornos
523 4899 575 4968 25.
1006 4877 1012 4886 ’
1421 4900 1426 4906 “
1471 4915 1474 4918 ’
