4276 5670
894 374 1286 471 *Qu
1663 363 1669 372 ’
1809 388 1930 469 473„

260 547 393 636 „diesim
419 542 458 620 P
485 546 605 627 carolo
631 482 804 621 Domino]
818 523 959 649 Jnanne
982 547 1132 623 Martini
1163 504 1382 634 secretario}
1413 545 1579 622 Miciaele
1608 545 1721 648 Rraff
1736 546 1885 653 Compos

261 671 374 766 „nisio
394 679 455 741 rto
484 665 622 761 sumpto
648 663 830 758 jentaculo
855 665 1000 761 profesti
1033 665 1147 744 sunt
1137 689 1173 740 tn
1199 665 1302 741 Lana
1277 692 1462 765 bonarges
1500 665 1621 740 inde'
1610 688 1647 740 m
1672 664 1881 763 Barsines,

258 840 281 875 „
295 786 406 859 altero
433 786 492 859 die
519 785 566 858 ad
590 782 627 857 S
659 783 794 858 Gallam
816 784 863 858 ad
890 782 1152 859 Translasiomm
1167 783 1221 861 Ss.
1245 783 1416 872 Osimari,
1444 783 1557 872 Galli,
1591 783 1632 860 ss
1657 784 1702 860 B.
1718 782 1791 860 Nm
1790 785 1880 875 ieri,

259 904 410 993 „decim
443 931 482 999 pr:
465 907 552 977 into
581 900 845 978 instituendam.
908 903 1199 999 comparuerunt
1236 916 1376 1001 praeter
1415 903 1577 979 Abbates
1619 902 1790 978 Heluetiae
1811 916 1883 982 et.

258 1023 444 1115 ,,ίίἰ·ιίιιιιι
467 1021 607 1097 Rectius
633 1020 933 1119 Arcbiept'l'copus
963 1021 1201 1111 patracensis,
1228 1023 1266 1102 &
1283 1020 1611 1103 Reuerendiffimus
1639 1046 1681 1097 ac
1704 1022 1881 1098 iliustriffi·
1931 1100 1937 1112 ,
2019 1066 2024 1075 =

257 1166 371 1231 ‚mus
399 1140 569 1236 Princeps
591 1138 717 1215 Abbas
739 1138 1081 1244 Campidonenfisesc.

257 1464 260 1469 ⁴
354 1377 437 1454 Huc
463 1377 664 1453 etiamnum
690 1362 920 1456 referendum
945 1379 1013 1462 est,
1039 1377 1176 1478 quod
1159 1401 1234 1476 paru
1258 1377 1443 1477 pridem
1431 1400 1469 1455 ιιι
1502 1377 1564 1454 suo
1589 1375 1788 1456 Benedisto
1823 1402 1880 1455 re·

256 1495 384 1581 diuino
409 1476 542 1571 adtulit
564 1496 674 1573 ΚΡ.
699 1496 921 1575 Bucelinus:
954 1486 1084 1573 Zelus'
1098 1498 1339 1595 promoueudi
1369 1498 1488 1579 cuins
1518 1497 1651 1582 diuini,
1685 1496 1879 1594 &tempu

256 1616 457 1691 exornandi
482 1617 588 1691 ardor
611 1616 745 1713 quibus
763 1604 949 1714 praeditus
971 1616 1042 1692 suit
1066 1617 1127 1695 hic
1151 1619 1275 1697 abbas
1341 1618 1394 1697 Vt
1413 1617 1572 1715 primum
1605 1615 1705 1692 enim
1737 1614 1776 1691 in
1800 1615 1879 1691 lau·
1894 1637 1898 1644 ·

255 1710 541 1826 datrlsro1illlus
571 1735 743 1835 Gennensts
768 1736 894 1832 apellis
921 1735 960 1813 dr
983 1735 1183 1825 Architesli
1208 1732 1307 1840 ρῗιιιιι
1332 1734 1491 1836 Bensonis
1517 1733 1685 1810 notitiam
1710 1734 1877 1826 deuenit,

255 1874 344 1945 mox
369 1852 430 1947 ips
456 1875 518 1947 per
539 1853 679 1930 litteras
704 1866 868 1930 mentem
891 1854 1031 1954 aperuit
1055 1853 1174 1967 suam,
1208 1853 1373 1955 tantique
1396 1854 1464 1933 viri
1485 1851 1569 1931 usus
1592 1852 1749 1930 Cousrlio
1774 1868 1878 1931 totam

258 1962 411 2047 Corneliis
439 1972 548 2070 Bois
510 1999 618 2046 licam
644 1971 832 2070 fornicibus
864 1971 905 2050 ii
937 2000 1037 2073 cupro
1069 1963 1293 2051 concamerari
1325 1972 1519 2050 constituit
1594 1971 1826 2049 Tabulas!
1771 1973 1826 2050 At
1824 1988 1878 2048 la-

254 2096 340 2169 rium
377 2118 484 2167 omnes
516 2091 696 2186 ejusmodi
727 2091 897 2169 Benzonis
937 2091 1212 2171 artificiosffima
1244 2117 1356 2170 manu
1396 2091 1508 2191 pistas
1544 2115 1619 2168 non
1651 2090 1715 2168 nisr
1744 2113 1877 2186 magno
2018 2162 2021 2171 .

252 2212 371 2311 pretio
401 2211 635 2308 comparauit.
695 2211 841 2291 Sed&
865 2210 945 2286 alia
978 2212 1105 2311 templi
1136 2225 1370 2305 ornamenta,
1403 2211 1674 2319 peristromata
1690 2211 1890 2311 sacrasque-
1981 2306 1988 2317 ‚

252 2332 368 2411 vestes
395 2330 613 2430 Comparare
630 2328 776 2437 studut
824 2331 881 2408 lta
901 2329 972 2408 ille.
1680 2358 1686 2367 ·
1937 2342 1944 2349 “

349 2570 470 2665 Hujus
496 2567 658 2668 Bensrrnir
681 2566 978 2649 artifieiosrffimae
1002 2569 1162 2647 Tabulae
1185 2569 1372 2649 Altaribns
1397 2592 1541 2673 quoque
1563 2564 1728 2649 moderni
1749 2562 1876 2667 templi

253 2702 399 2789 aptatae
423 2692 526 2765 sunt.
561 2688 653 2763 allae
677 2689 816 2787 vtrique
840 2688 980 2765 lateri
968 2712 1006 2765 m
1031 2688 1269 2787 superioribus
1301 2691 1499 2788 parietibus
1529 2691 1704 2788 appensae
1736 2689 1875 2764 nedum

254 2812 402 2904 dignum
428 2822 531 2884 tanta
556 2807 741 2903 Majeliate
765 2808 975 2905 spendorem
999 2808 1193 2903 adjiciunt,
1227 2809 1286 2885 sed
1312 2812 1349 2889 ἀ
1371 2812 1538 2888 omnium
1561 2809 1687 2886 oculos
1709 2806 1875 2907 perstriu-
1901 2862 1905 2870 ·

251 2943 368 3027 gunt.
393 2927 558 3027 inprimis
584 2950 674 3007 vero
691 2925 778 3003 artis
801 2929 936 3025 peritos
960 2928 998 3004 in
1018 2926 1297 3005 admirationem
1322 2926 1477 3031 rapiunt.

347 3163 533 3251 Quantum
557 3187 661 3262 porro
683 3161 837 3238 studium
860 3163 1060 3253 litterarum
1083 3148 1322 3267 promouent,
1348 3165 1485 3244 nedum
1510 3164 1605 3243 effus
1631 3160 1681 3239 illi
1700 3162 1872 3260 sumptus.
1963 3223 1966 3230 .

249 3311 342 3386 quos
366 3287 405 3360 in
429 3285 595 3384 Juuiores
620 3283 670 3362 sui
690 3282 904 3377 ¹lidonailerii
929 3285 1101 3361 Professus
1127 3288 1322 3383 impendit,
1353 3285 1478 3385 quales
1509 3286 1683 3362 continua
1712 3282 1800 3367 serie
1832 3280 1872 3356 in

249 3405 462 3482 Academiis
492 3405 626 3479 exteris
650 3404 857 3480 sustentauit
866 3386 881 3486 ζ
909 3405 1172 3489 demonstrant,
1201 3403 1259 3479 sed
1283 3402 1320 3480 &
1345 3429 1457 3503 quum
1481 3404 1637 3480 hostium
1655 3403 1785 3481 suerori
1813 3426 1872 3477 ce·
1950 3406 1966 3427 ⁸

195 3598 201 3604 ,
248 3528 385 3602 denum
408 3525 494 3610 suit,
523 3522 725 3599 Veldlirrlii
744 3523 784 3599 in
806 3522 917 3597 exilio
933 3521 1146 3599 constitutus
1169 3523 1356 3608 cuminis,
1376 3549 1424 3600 ex
1447 3525 1501 3599 eis
1525 3523 1677 3618 delegit,
1704 3525 1768 3622 qui
1787 3521 1872 3597 Phi·

247 3644 444 3739 losophiam
487 3648 523 3721 dr
564 3642 799 3736 'i'heologiam
832 3643 1106 3740 profiterentur:
1128 3667 1199 3718 .ne
1231 3643 1270 3716 in
1301 3654 1404 3719 tauta
1443 3642 1633 3741 iniquitate
1667 3655 1872 3739 temporum

248 3764 424 3848 deessent,
449 3762 508 3858 qui
533 3760 672 3836 Patriae
697 3760 938 3837 &Proximis
963 3759 1110 3837 vtilitati
1134 3787 1177 3837 ac
1202 3762 1336 3838 auxilio
1361 3763 1428 3837 effe
1451 3762 1620 3859 possent(
1634 3762 1681 3838 ad
1706 3786 1751 3837 eo
1776 3761 1872 3858 apud

248 3906 333 3958 eum
361 3905 434 3956 non
448 3866 576 3958 ⁸voluit
599 3881 688 3956 illud
712 3880 897 3977 vtdgatum
928 3903 971 3955 ac
1004 3882 1164 3957 sermone
1193 3881 1319 3956 tritum
1353 3881 1604 3979 prouerbium:
1642 3879 1740 3955 inter
1770 3900 1872 3956 arma

247 4000 351 4077 silent
376 4002 508 4077 Musae.
559 4000 713 4077 Consule
743 4000 906 4075 Diarium
937 4001 998 4074 cit.
1022 4024 1071 4074 ex
1096 4024 1167 4099 quo
1186 3999 1284 4077 haec
1305 4001 1483 4076 duntaxat
1507 3998 1738 4099 exscribenda
1757 3996 1869 4072 duxit

248 4147 306 4219 ap.
323 4121 460 4216 Aprilis
477 4145 560 4194 cum
578 4106 781 4195 aduertiiset
796 4120 1123 4219 Reuerendiffimus
1140 4118 1319 4195 Dominus
1335 4119 1460 4195 Abbas
1477 4116 1610 4203 noster,
1635 4118 1670 4191 in
1691 4112 1870 4193 Veldsircsr
2026 4180 2029 4185 .

247 4240 299 4317 sat
314 4239 448 4314 multos
464 4238 531 4314 esse
547 4239 713 4313 homines
723 4244 872 4339 jamnes,
887 4237 949 4333 qui
967 4238 1130 4337 Dilingoe
1145 4239 1258 4316 coasii
1274 4238 1418 4313 fuerunt
1434 4236 1493 4314 lua
1507 4235 1621 4312 studia
1638 4248 1783 4332 propter
1797 4233 1870 4311 bet·

244 4361 336 4434 licos
352 4359 531 4433 tumultus
557 4359 784 4455 abrumpere,
814 4357 1082 4434 Constdendum
1102 4359 1156 4433 eis
1171 4372 1273 4432 ratus
1282 4355 1415 4456 sciolos
1433 4358 1585 4458 iustioris,
1613 4353 1870 4451 Theologicam
1953 4353 1962 4366 '

246 4484 285 4558 dr
311 4478 606 4575 philosophicam.
656 4474 696 4550 in
719 4474 916 4569 Theologia
939 4476 1051 4575 incipi
1076 4477 1191 4555 voluit
1214 4499 1236 4551 a
1260 4475 1284 4551 l.
1308 4476 1415 4551 Parte
1439 4474 1478 4554 S.
1498 4473 1647 4563 ¹Tironroe
1669 4475 1869 4575 Aminneis,

225 4598 285 4676 .&
300 4599 385 4673 huic
409 4597 502 4696 parti
527 4594 758 4671 Profefforem
781 4593 964 4671 constituit
991 4595 1034 4671 tt
1051 4595 1089 4669 P.
1114 4596 1325 4672 Dominicum
1342 4591 1519 4695 Laprnorm
1540 4592 1689 4671 Priorem
1715 4591 1871 4672 Veidlir·

246 4718 396 4817 clensem.
445 4717 605 4796 Primam
622 4714 783 4817 secundm
808 4713 1017 4815 explanari
1040 4714 1199 4791 voluita
1231 4716 1269 4791 P.
1294 4715 1478 4821 Augustino
1509 4712 1685 4813 Brmdliu.
1730 4714 1871 4793 Lesiio·

1070 4833 1175 4911 000
1201 4857 1223 4914 2
1760 4834 1871 4918 niba
