4276 5670
668 414 1107 513 *mot
1372 469 1419 511 ·.
1627 423 1703 507 sss

154 590 319 685 'Litteris
342 603 446 679 hisce
468 596 564 676 aliae
587 599 784 678 abeodem
808 594 953 676 Mucio
975 596 1023 670 ad
1049 591 1220 671 carolum
1238 586 1415 668 'Curtium
1432 587 1509 666 ‘die
1540 610 1574 685 q.
1598 583 1702 684 Sept
1829 587 1831 591 ’

74 728 331 804 succedebant
357 721 461 821 queis
485 721 532 795 ad
559 717 830 795 accelerandum
855 715 925 791 iter
951 715 996 788 ab
1015 711 1236 790 illustrissimo
1252 710 1406 786 Nuncio
1420 720 1608 790 monetur,
1627 726 1702 781 nou

72 846 198 945 potuit
228 845 346 938 igitur
359 841 482 916 Abbac
518 838 638 913 noster
664 836 754 935 quin
789 835 1059 912 communicato
1086 833 1202 930 prior
1216 853 1301 905 cum
1326 830 1473 908 Abbate
1493 823 1703 905 ochsenhu-

79 966 163 1039 sano
197 962 341 1038 consilio
382 963 446 1033 ΡΡ.
477 956 649 1032 carolum
681 954 869 1038 Curtium,
917 957 962 1037 di
981 953 1150 1029 Maurum
1182 949 1353 1045 Baldung
1397 972 1450 1044 iq.
1470 942 1705 1044 Septembri·
1769 970 1784 984 ·

31 1058 39 1071 ’
81 1082 284 1178 ablegaret,
326 1102 417 1155 non
426 1076 575 1176 qudem
603 1075 651 1150 ad
679 1072 963 1169 nanfigendun,
1007 1070 1067 1147 sed
1095 1070 1144 1146 ad
1168 1070 1393 1157 audiendum
1420 1068 1623 1154 danuam,
1664 1063 1704 1143 dc

80 1201 321 1278 referendum
392 1194 519 1273 Altero
546 1193 608 1301 viic¹
639 1194 699 1269 die
726 1190 941 1268 Rhenouiae
972 1191 1020 1267 ad
1058 1190 1250 1288 vesperam
1283 1190 1462 1264 aduenere
1487 1209 1600 1284 quum
1622 1205 1729 1282 pro-l

80 1319 182 1396 ximo
210 1317 327 1393 statim
354 1315 430 1413 post
450 1288 638 1411 septimam
663 1309 887 1389 Matutinam
913 1307 1089 1397 carolum
1113 1308 1216 1387 adse
1241 1322 1410 1384 vocaturn
1436 1305 1604 1387 familiari
1627 1302 1703 1382 col·

81 1437 204 1539 loquio
253 1434 463 1534 persuadere
503 1431 698 1515 niteretur,
751 1442 792 1508 vt
823 1426 1025 1508 Abbatibus
1057 1428 1104 1502 ad
1135 1426 1425 1545 subprimendum
1458 1425 1590 1504 librum
1618 1447 1707 1505 coti·

82 1569 141 1632 tra
170 1553 321 1653 Jesuitas
359 1553 526 1647 scriptum
564 1550 686 1626 autior
725 1549 794 1625 esse
827 1549 931 1639 velit,
995 1570 1059 1645 pra
1083 1545 1187 1645 cipue
1226 1569 1339 1643 quum
1369 1569 1418 1627 ex
1455 1538 1600 1645 Nuncio
1642 1538 1709 1621 Co-

84 1676 217 1774 sonimst
204 1672 357 1771 iprobe
388 1669 514 1756 sciret,
567 1669 667 1768 quod
709 1666 880 1766 Princeps
921 1569 1092 1785 Fuldends
1073 1666 1177 1751 siri
1209 1659 1341 1745 eadem
1372 1664 1491 1744 secum
1532 1650 1712 1742 sententia

78 1782 198 1879 esset,-
226 1793 264 1870 dt
290 1788 424 1867 deinde
451 1810 562 1886 quain
586 1788 770 1875 maxime,
808 1788 924 1886 quod,
965 1786 1027 1862 etsi
1056 1782 1097 1861 P.
1120 1764 1384 1891 Mandarai
1371 1808 1410 1861 ιιι
1439 1786 1587 1862 ordines
1612 1803 1710 1925 acep-

85 1915 132 1990 ba
169 1911 347 2008 quaedam
383 1905 580 2005 scripsisset,
624 1890 762 1981 ostendi
800 1919 925 1982 tamen
960 1929 1150 2004 nunquam
1179 1890 1304 2002 poss
1264 1919 1281 1980 t
1349 1904 1408 1987 vei
1445 1905 1596 2013 unicum
1628 1904 1712 1980 Mo⁴

87 2029 280 2105 naslerium
303 2025 422 2102 ordini
456 2024 579 2102 saitem
607 2022 883 2127 Βιιιιιιιιιιιο
871 2045 909 2111 ιιι
934 2022 1199 2145 Wirtenbergia
1224 2024 1330 2109 ideo,
1372 2027 1412 2103 id
1434 2048 1539 2113 euin,
1553 2032 1713 2122 propter

87 2148 169 2245 ejus
196 2146 321 2245 scripta
355 2144 533 2232 ablatum,
584 2142 623 2221 dc
652 2142 830 2221 societati
829 2137 1007 2231 oblatum
1021 2120 1132 2247 sitisse
1152 2157 1222 2223 eto
1273 2130 1538 2275 ιιιιροιιιιιιιι
1563 2142 1711 2245 Carolq,

89 2265 231 2368 quod
217 2288 257 2341 in
286 2287 328 2340 re
355 2263 447 2340 tanti
484 2254 664 2343 momenti
688 2240 809 2352 diere,
851 2254 960 2343 idem
983 2264 1095 2347 ιοιιι,
1148 2285 1194 2339 ιι
1228 2254 1291 2363 se
1287 2286 1392 2351 reum
1415 2264 1607 2363 prolideri,
1643 2250 1713 2355 esse

88 2385 240 2486 proinde
270 2384 364 2470 duo,
411 2381 449 2458 in
483 2380 614 2480 quibus
639 2378 886 2496 congregatio
913 2372 948 2460 se
977 2374 1174 2460 defendere
1202 2370 1350 2459 deberet
1378 2396 1505 2461 contra
1535 2376 1594 2474 ,sui
1619 2382 1713 2460 insa·

38 2583 42 2590 ι
89 2494 266 2560 matorcs:
307 2491 349 2555 ut
373 2478 507 2555 scilicet
530 2478 714 2566 ostendit,
746 2478 819 2556 ιι
800 2498 846 2565 ιιι
864 2480 992 2579 primis
1018 2479 1159 2555 ratione
1183 2479 1404 2576 Integritatis
1425 2504 1567 2558 morum
1597 2482 1635 2585 dc
1659 2476 1713 2560 ιι·

63 2613 152 2679 ιιι
169 2599 340 2696 regularis
358 2582 444 2672 dein
471 2597 581 2674 etiam
603 2562 744 2674 ratione
773 2598 978 2678 sufficientis
1003 2572 1186 2695 ιοιιιιιιι
1213 2598 1451 2709 sufficientem
1477 2622 1620 2699 quoque
1644 2590 1714 2675 else
1861 2646 1886 2725 ,ι

93 2720 228 2817 absque
256 2702 438 2793 societatis
462 2716 648 2814 Religioss
674 2719 722 2794 ad
753 2718 983 2797 reformanda
1006 2716 1177 2794 restituta
1199 2721 1237 2799 dr
1264 2716 1296 2794 si
1277 2742 1414 2835 iquae
1435 2716 1506 2796 'sint
1527 2716 1717 2799 re'stituen'·

88 2840 142 2915 da
164 2836 390 2913 bsonasteria.
439 2835 638 2913 Subintulit
659 2836 842 2951 Nunciuc,
876 2838 912 2914 se
929 2816 1132 2915 eirisiimare
1158 2828 1289 2945 laesuri
1309 2826 1458 2917 ordinis
1468 2841 1604 2921 samarii
1630 2839 1714 2921 satu

95 2956 276 3034 defensam
305 2955 403 3040 sore,
448 2953 570 3053 siper
594 2934 791 3035 Decretum
815 2948 955 3034 Rotnab
980 2956 1183 3047 edendum,
1226 2957 1350 3039 oiiiiiia
1371 2934 1501 3059 scripta
1532 2974 1717 3061 aiionyina

89 3072 374 3152 controuersiam
409 3072 513 3150 istam
542 3078 799 3153 concernentia
825 3058 1000 3170 hedenus
1028 3075 1150 3166 edita,
1196 3076 1234 3155 dr
1260 3075 1395 3176 ipses’
1421 3081 1627 3178 Laymanii
1656 3079 1717 3159 L

58 3258 61 3269 .
95 3199 160 3272 ber
193 3192 515 3290 subprimerentur,
551 3195 651 3292 qnod
677 3194 758 3299 ipse
773 3196 982 3307 propediem
1008 3204 1260 3296 procuraturus
1281 3198 1377 3299 esset.
1428 3199 1563 3279 Verum
1568 3225 1718 3317 negau-

22 3354 26 3364 ·
98 3316 197 3391 tibus
227 3312 393 3399 Patribus
426 3311 498 3388 hoc
524 3315 688 3393 inedium
716 3317 763 3395 ad
787 3317 1047 3395 restituendum
1077 3314 1273 3394 Ordinibus
1305 3293 1483 3397 bonorem
1512 3320 1598 3407 satis
1627 3306 1719 3400 sulii·

93 3435 201 3544 ciens
226 3431 265 3509 dt
288 3431 417 3508 efficax
444 3432 529 3519 else,
565 3434 784 3513 addentibus
806 3448 948 3551 tamen,
973 3437 1008 3512 se
1031 3437 1155 3512 omnia
1184 3436 1380 3516 fidelissime
1400 3436 1593 3543 relaturos,
1614 3434 1718 3529 Nud-

101 3554 180 3627 cius
214 3553 260 3626 ad
296 3551 341 3625 D
367 3551 557 3652 Scioppium
594 3555 799 3642 declinans,
836 3578 900 3631 cur
908 3540 1004 3653 ipse
1031 3582 1102 3632 nori
1127 3550 1290 3646 venisset,
1330 3558 1501 3658 rogauit?
1538 3560 1716 3662 respondit
1840 3593 1845 3601 ·

102 3671 271 3757 Carolus,
302 3671 336 3745 se
362 3670 483 3747 labore
510 3671 673 3770 aliquo
662 3699 699 3751 ιιι
732 3673 886 3771 gratim
918 3676 1165 3772 Imperatoris
1176 3690 1391 3776 occupatum
1412 3682 1535 3760 uenire
1557 3707 1631 3760 non
1657 3706 1721 3782 po-

103 3791 223 3873 taine,
254 3791 342 3887 quid
369 3812 476 3886 ergo,
520 3792 636 3889 pergit
663 3793 845 3881 Nuuciuc,
883 3792 1048 3872 instintin
1083 3796 1218 3874 restrae
1245 3799 1552 3897 Congregationir
1572 3800 1721 3881 scribits

100 3912 174 3987 lioc
195 3909 331 3996 nescio,
368 3909 407 3984 in
432 3908 603 4005 responsis
630 3913 740 3990 dabat
765 3911 939 3994 Carolucr
979 3916 1037 3992 ed
1061 3918 1129 4010 e'go
1160 3918 1249 4004 scio,
1278 3921 1420 3996 addidit
1445 3925 1627 4012 Nuncius,
1659 3944 1723 4002 ιι·

103 4031 220 4108 stium
235 4027 489 4105 Monaslerium
516 4029 596 4126 eJ‘us
621 4033 819 4129 praesentia
835 4032 913 4129 jam
942 4033 1028 4109 satis
1051 4034 1279 4115 diffamatum
1297 4039 1365 4116 est·
1412 4044 1572 4121 Mors).
1597 4045 1744 4145 &top

105 4149 165 4246 pio
194 4146 361 4229 scribam,
409 4151 568 4246 nequid
596 4155 747 4240 audeat,
797 4150 862 4228 uisi
890 4153 989 4250 prius
1013 4157 1269 4252 approbatum,
1311 4160 1350 4236 in
1380 4160 1499 4239 lucem
1524 4167 1650 4253 edere,
1685 4166 1724 4244 dc
1792 4170 1796 4179 '

100 4267 222 4345 multo
248 4266 415 4340 minus
400 4273 571 4370 anieflro
600 4270 675 4371 Tap
666 4271 851 4374 Mogrupln'n
924 4273 985 4349 ild
1006 4273 1100 4349 liaec
1127 4274 1302 4354 Carolus.
1343 4279 1459 4359 nosira
1488 4287 1724 4384 typographia
1769 4366 1784 4377 ,

106 4385 181 4481 jaun
214 4399 299 4458 ante
337 4383 471 4483 aliquot
506 4411 621 4466 annos
651 4391 690 4493 in
705 4393 813 4467 hunc
841 4402 985 4476 tanturn
1015 4392 1131 4470 sinent
1153 4401 1268 4476 etesia
1296 4399 1387 4484 snit,
1426 4416 1467 4480 vt
1490 4405 1570 4482 libri
1599 4405 1723 4483 Musici

108 4506 156 4580 ad
186 4504 349 4580 Chorum
375 4528 441 4577 nee
432 4503 555 4582 essaiii
584 4508 885 4606 imprimerentur.
945 4513 1112 4591 iuterim
1147 4516 1334 4597 senadern
1368 4521 1611 4603 illustrissimae
1644 4526 1724 4603 suae

106 4624 359 4701 Dominationi
391 4622 486 4711 sore,
525 4628 623 4724 typis
658 4630 992 4723 weingartensibns
1012 4634 1088 4720 nii,
1126 4635 1189 4711 nisi
1218 4640 1316 4733 prius
1343 4643 1464 4719 debite
1492 4649 1750 4742 approbatum·

108 4742 146 4819 ιιι
188 4741 305 4819 lucem
343 4742 522 4839 publicam
562 4771 782 4846 viiquaini
751 4748 1006 4831 emittendum
1079 4754 1152 4837 tiis
1179 4757 1284 4836 ditiis
1308 4750 1466 4842 iit'terac
1497 4767 1722 4905 encyclicas,

1594 4913 1726 5012 ovibu
