4276 5670
688 403 1112 498 *moi*
1247 424 1249 428 ’
1635 415 1713 494 533

183 585 295 693 Anno
320 575 424 681 1707.
456 608 491 681 u
516 578 594 683 Jan.
619 583 710 657 obiit
739 583 902 657 Marchio
923 578 1097 658 Badensrr
1116 536 1289 676 Princeps
1313 574 1712 673 Iardouicru'supremus'
1739 644 1744 650 ,

87 704 318 802 imperatoris
339 705 496 797 Legatuo
515 703 565 804 ὅς
577 703 615 776 8.
635 703 678 776 R.
704 699 729 777 Ι.
753 699 1022 802 Arciu’jirategus
1043 699 1164 796 postea
1189 701 1395 792 subrogatus
1416 688 1712 774 infeliciter'Dux-
1842 793 1847 800 ⁵

10 909 14 919 ,
90 826 139 899 de
163 823 285 898 Bureir
315 820 528 925 instantibus
556 820 719 898 Elestore
748 818 1066 916 Brandenburgico
1094 817 1133 895 dr
1160 818 1241 893 aliis
1270 814 1511 893 Lutherauis:
1551 813 1710 917 Princeps

88 940 261 1040 Eugenius
281 940 468 1016 recusauit
654 958 658 967 ·

192 1200 247 1251 12.
272 1175 302 1251 F
302 1178 375 1253 ebr-
396 1174 721 1253 Reuerendiffunus
744 1175 967 1273 cancellario
982 1176 1216 1276 >¹Oerripuntrurr
1241 1173 1419 1270 prusenus
1436 1170 1504 1257 est,
1531 1196 1593 1271 pro
1609 1174 1713 1252 causa
1799 1163 1804 1173 ¹

17 1323 22 1329 ·
90 1289 299 1374 Monasterii
325 1318 408 1369 curn
439 1293 688 1401 Commiiiario
703 1294 929 1409 'caesareano
956 1294 1064 1375 Dom.
1085 1296 1229 1372 Barone
1251 1289 1469 1367 Kriecirbown
1497 1295 1712 1373 transiturus
1814 1400 1818 1404 ,

93 1426 291 1514 antequam
317 1409 376 1488 ine
408 1413 578 1492 viennam
601 1427 858 1501 reuertentur,
882 1415 945 1493 ubi
965 1416 1070 1492 causa
1090 1412 1353 1490 concludenda.
1402 1411 1527 1489 Rediit
1543 1415 1602 1527 ej.

158 1686 160 1691 >
188 1675 246 1745 23.
271 1649 384 1748 ApriL
408 1650 567 1727 Sabbato
587 1645 716 1728 sanun.
766 1651 805 1726 In
828 1651 1026 1730 Direitorio
1054 1648 1316 1728 constantiensi
1332 1672 1396 1747 pro
1419 1645 1580 1725 Dioeoesr
1602 1668 1715 1724 anno·

94 1778 215 1846 tatum
246 1771 371 1868 (quod
398 1770 487 1844 alias
509 1795 583 1844 non
603 1771 762 1865 fanum)
785 1770 912 1847 festum
928 1772 965 1847 S.
982 1771 1130 1867 Georgii
1149 1772 1255 1847 Mart.
1275 1767 1580 1845 Tmnsferendnm
1594 1767 1716 1866 quoad

94 1887 225 2007 eborum
244 1887 286 1966 u
305 1892 422 1988 sorum
449 1888 525 1988 post
544 1891 711 1993 ottanum
729 1890 875 1978 Parcae,
900 1889 1168 2005 celenreturque
1191 1888 1316 1965 festiue
1341 1914 1395 1965 11.
1417 1886 1519 1984 Maji.

39 2201 41 2205 ,
194 2122 289 2200 nuri
326 2100 419 2200 auce
445 2123 679 2202 uranicum-0
711 2127 757 2201 ue
793 2123 926 2202 muns
960 2126 1082 2203 mense
1114 2122 1216 2223 majo
1250 2126 1296 2202 au
1331 2124 1427 2203 nun
1458 2124 1498 2202 u
1531 2119 1719 2221 sutrinse„

96 2244 297 2340 transgreffi
324 2242 459 2357 lineam
483 2250 694 2343 (quemro.
718 2268 896 2323 annorum
919 2245 1080 2333 laborem
1109 2271 1142 2343 4
1166 2245 1278 2322 millia
1304 2245 1512 2321 rusticorum
1539 2242 1718 2318 destruxe-

94 2365 216 2560 ἓξὲξ).
244 2360 473 2464 Wrrttcnberg
500 2364 538 2442 dc
565 2364 685 2442 Badeo
716 2377 890 2463 granant,
924 2364 1210 2444 contributiones
1236 2366 1408 2537 exigunt*
1427 2361 1590 2446 oudutns
1629 2359 1721 2469 obfi‘·

45 2704 102 2811 '0
197 2742 253 2815 14·
276 2718 359 2816 Jun.
391 2717 602 2798 nuntiatum
627 2720 753 2799 Gallos
779 2720 980 2825 Biberucum
1007 2723 1157 2810 rediise,
1192 2697 1308 2802 immo
1337 2722 1432 2799 circa
1461 2718 1651 2803 meridiem
1680 2719 1719 2795 in

97 2836 283 2922 wuusee.
307 2837 552 2936 oppidumque
573 2839 766 2936 occupasse.
814 2843 945 2936 Ingens
967 2845 1101 2940 ubique
1122 2842 1315 2940 trepidatio
1339 2845 1377 2920 dr
1395 2841 1481 2935 fuga
1513 2863 1555 2917 ac
1581 2840 1720 2916 auenio

98 2957 298 3034 mobilium.
350 2959 389 3032 ln
412 2957 627 3033 Monasterio
657 2961 888 3036 conuasatum
908 2961 1034 3036 subito.
1080 2962 1187 3039 Circa
1206 2962 1335 3039 horam
1354 2983 1389 3053 5.
1415 2961 1565 3036 aduenit
1592 2959 1721 3035 Abbas

100 3077 346 3160 Sorethanus,
372 3081 408 3153 di
434 3077 528 3150 circa
548 3079 707 3155 mediam
731 3105 764 3178 7.
789 3081 913 3158 Abbas
944 3080 1251 3156 Ochsenhusanus.
1322 3080 1490 3176 Cumque
1517 3079 1576 3155 sub
1607 3098 1722 3152 coena
1836 3154 1840 3163 ,

99 3195 197 3270 eirca
224 3216 359 3269 nonam
381 3194 609 3272 nuntiaretur
627 3209 675 3290 ex
697 3200 812 3274 Gallis'
836 3199 1006 3275 Huisaros
1036 3224 1095 3294 50.
1126 3199 1256 3276 veniffe
1284 3200 1321 3274 in
1350 3197 1470 3273 Baind
1495 3195 1722 3272 disceiseruot

99 3315 179 3390 DD.
204 3315 364 3391 Abbates
393 3317 429 3390 dr
448 3314 575 3389 noster.
622 3319 677 3393 At
696 3318 748 3393 illi
772 3318 930 3415 acceptis
960 3343 1038 3395 110.
1059 3321 1095 3396 fl.
1114 3316 1243 3395 reuerfi
1264 3318 1345 3393 suut
1369 3317 1409 3392 in
1432 3315 1597 3396 Waldsee
1616 3315 1745 3393 uduo.

65 3433 221 3509 ‘secum
251 3432 370 3510 obfide
395 3430 440 3505 D.
466 3433 620 3509 officiali.
670 3438 753 3535 Seq.
777 3439 838 3512 die
861 3460 914 3532 15.
937 3439 1050 3516 etiam
1073 3463 1120 3514 ex
1143 3437 1308 3516 Waldsee
1336 3435 1375 3513 dc
1399 3435 1578 3512 Biberach
1598 3433 1723 3508 disces·
1777 3431 1784 3442 '

101 3551 221 3628 ierunt
240 3550 421 3627 obsidibus
448 3551 566 3630 secum
594 3555 783 3642 abdustiai
814 3579 902 3637 nam
927 3539 1022 3635 Galli
1053 3582 1084 3634 c.
1113 3572 1194 3645 800.
1221 3555 1414 3652 Riedlinga
1442 3556 1490 3632 ad
1521 3552 1723 3667 exercitum

101 3671 218 3747 subito
243 3674 404 3748 reuocati
430 3671 519 3746 suut.

89 4005 91 4008 ψ
201 3934 258 4006 15.
285 3916 380 4008 Aug.
405 3912 599 3988 Tumultus
624 3878 671 3988 de
695 3915 855 3992 aduentu
876 3915 1068 4012 gallorum,
1092 3915 1154 4012 qui
1185 3921 1240 3994 16.
1263 3914 1385 3993 media
1412 3866 1516 3992 noste
1539 3911 1725 3988 in-Saiem
1809 3936 1817 3956 ⁸

101 4043 298 4117 venerunt,
326 4036 364 4111 dr
386 4054 495 4107 mane
526 4033 616 4107 duos
646 4035 771 4111 Patres
793 4036 985 4136 Auseimum
1011 4039 1050 4114 dr
1078 4032 1279 4135 Raphaelem
1305 4058 1369 4132 pro
1396 4033 1574 4110 obfidibus
1605 4033 1724 4107 secum
1883 3993 1897 4061 ²⁴
1960 4066 1963 4081 ·
2095 4036 2099 4043 “

104 4153 345 4232 abduxerunt
392 4151 686 4247 Rauenspurgum
706 4153 840 4249 vesperi
861 4155 950 4230 hora
965 4181 998 4252 4.
1019 4155 1208 4231 venientes
1229 4154 1378 4229 sednon
1399 4152 1552 4237 admisti,
1578 4165 1726 4248 accepto

104 4270 341 4368 chirographo
368 4273 465 4368 quod
489 4272 523 4344 se
546 4270 774 4359 infinuarint,
800 4296 865 4370 pro
893 4272 1159 4350 contriimt'ione
1185 4261 1221 4350 dr
1249 4268 1441 4346 honorario
1472 4293 1549 4365 15³·
1575 4271 1611 4345 fl.
1633 4268 1727 4343 Duci
1766 4352 1774 4371 ἱ

105 4393 192 4466 datu
217 4392 306 4465 hora
331 4407 361 4473 3.
391 4391 622 4464 Altdorffium
650 4393 840 4466 aduenere.
889 4393 965 4468 Sed
989 4416 1063 4468 non
1088 4392 1243 4468 fidentes
1263 4393 1491 4467 diuerteruut
1514 4390 1552 4463 iu
1578 4392 1729 4465 domum

104 4509 260 4585 nostram
290 4509 495 4606 pecuariam
527 4511 691 4605 proxime
726 4511 772 4586 ad
810 4510 996 4588 Schuffam
1025 4511 1177 4588 fluuium
1203 4509 1357 4603 (indie
1390 4510 1535 4602 Serme)
1568 4508 1729 4605 sequenti

39 4719 42 4725 ,
105 4651 215 4704 mane
239 4623 578 4725 horau'intraturi
607 4629 860 4706 monasterium
888 4614 1088 4725 Weiugart.
1118 4631 1165 4715 ad
1194 4629 1373 4704 tollendos
1405 4631 1500 4704 duos
1532 4599 1729 4721 Religiosos

103 4771 169 4847 pro
196 4749 387 4825 obsidibus.
453 4750 588 4828 Verum
613 4747 814 4846 sclopetarii
842 4748 890 4824 ex
914 4747 1139 4850 Meerssprug
1177 4749 1215 4826 &
1243 4745 1470 4825 Marchdorff
1493 4745 1725 4844 insequentes

700 4898 704 4902 ·
869 4899 877 4910 =
1424 4919 1439 4941 .
1598 4866 1755 4960 junius.
