4276 5670
243 385 314 481 506
511 366 515 373 ’
844 375 1265 467 *m*

342 560 394 641 Vt
418 562 541 635 autem
566 550 683 631 fidelis
708 551 862 658 populus
887 550 1015 647 majori
1041 552 1089 627 ad
1114 553 1212 647 hunc
1237 552 1500 633 sacratissimum
1522 554 1653 635 Christi
1675 558 1758 659 Jesu
1787 563 1873 658 Ser·

246 681 383 760 natoris
408 676 515 754 nostri
540 675 715 752 Cruorem
747 670 943 746 deuotione
972 694 1015 746 ac
1046 672 1279 749 veneratione
1308 674 1611 763 mummnetur,
1643 681 1873 759 sandissrmuc

246 790 428 878 Dominus
455 799 551 893 Papa
576 793 782 868 Innocentius
798 790 890 866 XII.
919 790 1088 866 omnibus
1112 791 1243 866 Christi
1269 793 1433 870 fidelibuc
1457 795 1652 875 Ecclefiam
1680 801 1875 898 Weingur·

246 919 383 998 teniem
406 918 477 990 hac
502 913 562 990 die
588 913 725 987 deuote
752 905 994 996 visitantibus,
1026 936 1100 985 nere
1120 911 1377 1008 poenitentibus,
1407 915 1568 991 consessus
1593 940 1637 991 ac
1669 919 1708 994 S.
1727 919 1875 997 Eucha-

246 1039 380 1117 ristiam
413 1031 634 1109 sumentibus
657 1040 725 1104 etc.
759 1028 954 1126 plenariam
988 1027 1154 1105 omnium
1186 1043 1416 1126 peccatorum
1443 1034 1682 1115 remissionem
1714 1039 1876 1116 clemen·

245 1158 374 1236 tiffime
399 1149 553 1230 indulso
603 1152 706 1235 Quae
730 1146 977 1244 Indulgentiae
1002 1148 1115 1225 etium
1141 1148 1312 1246 deinceps
1336 1149 1374 1226 in
1400 1154 1550 1252 stngnios
1575 1179 1678 1235 nonos
1701 1157 1877 1258 impetra·

245 1278 307 1356 t‘ae
333 1274 424 1351 sunt.

344 1468 513 1553 Quantus
537 1459 685 1559 proinde
705 1458 827 1557 populi
859 1459 997 1545 feruor,
1024 1457 1130 1533 hasce
1153 1457 1398 1554 Indulgentias
1423 1461 1584 1541 lucrandi
1607 1464 1735 1556 firerit,
1755 1492 1806 1544 ειι
1830 1493 1878 1549 eo

246 1587 412 1689 patescit,
436 1582 532 1680 quod
557 1580 634 1654 RR.
662 1579 729 1654 ΡΡ.
752 1579 879 1661 nostri,
905 1577 993 1652 iicet
1017 1599 1169 1652 numero
1191 1603 1263 1652 non
1285 1578 1387 1676 pauci
1416 1580 1462 1656 ad
1490 1583 1723 1682 excipiendas
1750 1601 1874 1668 tamen

248 1706 480 1786 consessiones
505 1700 566 1775 ioli
592 1723 665 1774 non
691 1696 918 1773 suffecerint:
946 1696 1004 1775 sed
1035 1696 1186 1772 aliorum
1214 1697 1326 1778 etiam
1354 1699 1611 1796 Religiosorum
1631 1705 1876 1788 Sacerdotum

246 1850 355 1930 opem
379 1823 568 1920 implorare
601 1817 713 1894 coasii
735 1815 879 1893 suerint.
937 1815 1174 1912 Prolongatae
1203 1817 1283 1892 fiunt
1306 1816 1556 1896 Confeiirones'
1571 1821 1762 1922 sacraeque
1778 1850 1876 1905 com·

104 1944 108 1950 ’
247 1945 442 2026 muniones
467 1939 513 2016 ad
536 1939 664 2015 horam
689 1958 803 2034 usque
831 1936 1024 2011 secundam
1043 1934 1348 2031 pomeridianam,
1376 1960 1625 2040 numerusque
1652 1941 1691 2024 S.
1708 1944 1878 2043 spuma

247 2064 466 2165 sumentium
493 2057 585 2136 vltra
606 2055 765 2155 quinque
791 2054 983 2131 hominum
1009 2052 1121 2130 miliia
1146 2054 1320 2131 excreuit.
1404 2163 1418 2172 .

344 2247 458 2332 Anno
484 2257 591 2346 1695.
616 2248 664 2325 ad
684 2245 831 2341 initium
853 2237 948 2322 'veris
973 2269 1112 2324 nouum
1143 2245 1320 2343 tempium
1342 2230 1390 2322 in¹
1404 2247 1519 2347 Hosen
1549 2248 1680 2328 exstrui
1706 2231 1878 2356 coeptum

250 2374 311 2456 est.
360 2371 591 2450 Architesiua
607 2368 688 2446 suit
711 2368 761 2449 Μ.
790 2366 992 2468 Cirrissiunns
1023 2365 1138 2445 Turum
1164 2367 1402 2464 Brigantino·
1428 2369 1623 2467 Syluanus.

348 2562 494 2644 Emitur
517 2586 540 2638 a
563 2557 835 2639 Praenobilibus
866 2558 1036 2635 Dominis
1064 2557 1238 2636 Scinrrici
1269 2559 1433 2636 Ριιιίεἱίι
1464 2560 1739 2661 Veberlinganic
1765 2564 1875 2647 Ferri·

246 2683 398 2791 sodinu
388 2706 426 2759 ιιι
446 2684 514 2758 der
542 2679 746 2755 Hnmnnrnn
770 2676 839 2759 Sui
838 2677 1041 2778 isbnrgietc.
1080 2702 1122 2752 ea
1155 2677 1375 2764 intentione,
1409 2689 1450 2757 vt
1480 2681 1617 2756 reditus
1644 2682 1853 2778 ejusdem
1840 2709 1878 2787 ιιι

253 2811 415 2943 sumptus
437 2802 602 2880 Fratrum
628 2797 828 2877 nostrorum
851 2795 916 2875 Sui
902 2795 1110 2899 iisbnrgit
1066 2797 1110 2876 St
1109 2799 1220 2874 nient'
1193 2812 1273 2875 unm
1294 2798 1582 2899 applicarentur
1613 2801 1733 2903 sicque
1766 2782 1879 2885 Οεεο·

253 2926 377 3006 nomiu
400 2925 471 3002 hoc
492 2942 604 2997 onere
622 2917 875 3006 sublunarem,
1358 2894 1426 2971 Λ
1517 3008 1519 3012 Α

348 3115 471 3196 Mense
507 3113 609 3209 Majo
635 3133 720 3187 cum
750 3108 1131 3187 Reuerendiffimo'uc
1162 3107 1353 3186 Ceisrffimo
1384 3112 1551 3210 Principe
1579 3115 1756 3214 Episcopo
1784 3115 1881 3195 Con·

251 3235 498 3317 standens‘de
526 3231 754 3309 admittenda
776 3228 993 3305 Monasterio
1013 3227 1130 3303 nostro
1157 3225 1318 3325 suprema
1346 3229 1598 3328 Jurisdisiione
1614 3232 1661 3332 i)
1685 3235 1725 3311 in
1750 3259 1882 3335 pagum

255 3359 419 3459 Hagnono
444 3354 483 3431 δι
505 3351 663 3450 reliquas
692 3349 729 3424 in
752 3347 936 3444 emptione
958 3345 1153 3442 Dynastiae
1180 3346 1368 3448 intendorff
1387 3350 1433 3424 ad
1467 3375 1538 3426 noc
1560 3354 1752 3432 deuolutos
1780 3357 1882 3433 villu

253 3478 292 3557 ὅ(
314 3474 478 3577 praedia,
501 3471 716 3548 contradus
735 3466 854 3549 ‘initus
874 3465 962 3554 fuit,
985 3468 1025 3542 in
1051 3491 1126 3564 qun
1148 3467 1245 3543 cfffit
1262 3467 1522 3547 Monasterium
1549 3475 1641 3549 duas
1670 3475 1776 3555 villar
1805 3499 1882 3574 pro·

253 3597 350 3696 prias
374 3591 557 3668 Hnndwn'i
556 3617 592 3666 er
617 3593 653 3667 du
676 3585 763 3662 Rent
762 3585 818 3661 inin
840 3609 911 3662 vna
933 3606 1016 3661 curn
1035 3586 1219 3661 decimis
1207 3608 1245 3660 ιιι
1266 3585 1502 3676 Hominum,
1527 3605 1654 3670 contra
1672 3595 1779 3676 nobir
1803 3595 1884 3671 Cei·

254 3714 399 3794 sdfimus
423 3710 592 3821 Princeps
621 3709 752 3785 didam
772 3704 1064 3806 Jurisdisiionem
1090 3706 1128 3782 dc
1152 3705 1314 3782 decimas
1337 3707 1453 3784 suas
1442 3730 1479 3784 ιιι
1503 3709 1698 3813 Rodrrucir',
1730 3736 1884 3812 quarum

177 3848 180 3853 ·
255 3834 413 3934 pretium
434 3816 524 3905 iicet
542 3827 638 3910 villis
660 3824 789 3906 nostris
809 3823 1044 3925 aequiuale'nc
1073 3847 1152 3901 non
1176 3824 1237 3913 snt
1270 3802 1630 3908 condescendendum
1659 3843 1788 3914 tamen
1817 3833 1884 3910 suit

255 3952 430 4055 Episcopo
445 3961 514 4026 etc.

1703 4159 1759 4233 13.
1782 4137 1881 4217 Oiio·
1934 4171 1941 4183 ·

296 4353 330 4437 ι)
355 4351 453 4434 Qunam
482 4345 622 4430 pignorio
647 4340 708 4405 ioco
731 4339 769 4405 nir
787 4337 968 4429 illustrissimo
994 4336 1092 4404 Domo
1109 4340 1361 4442 siirstenpergicc
1381 4337 1438 4425 sen
1475 4342 1583 4411 (conse
1609 4343 1646 4410 de
1663 4346 1884 4434 Heriigenberg

343 4443 1620 4646 sisisriiispfiistssssi]sirii?didiscistis}
1636 4464 1886 4647 :dm

344 4666 384 4739 ὃ
403 4664 480 4731 nisis
505 4662 611 4726 omnic
637 4658 728 4725 nobis
740 4657 815 4733 Juru
834 4676 907 4722 cum
925 4657 1091 4740 Regnum
1114 4671 1265 4745 perpetuo
1285 4661 1454 4727 conoessut:
1486 4665 1529 4728 iso
1554 4674 1586 4728 oi
1604 4664 1737 4750 deinceps
1758 4669 1886 4755 Hagno-

343 4776 399 4843 ιιίι
416 4771 545 4854 nunqu
566 4764 650 4831 nisiae
675 4760 810 4829 odinum
838 4767 1014 4848 pertinenter
1039 4765 1208 4853 separatam
1234 4768 1412 4854 Dyuastiam
1437 4766 1478 4838 ss
1506 4767 1712 4839 'l'erriroriurn
1741 4796 1763 4840 ι
1785 4775 1887 4845 coni·

345 4889 416 4950 tatu
432 4876 470 4947 S.
487 4872 606 4946 Montio
624 4872 756 4941 omniuo
783 4860 966 4958 exemptum
983 4870 1138 4940 efficiant.
