4276 5670
256 586 310 685 p’e
333 574 541 663 inauratum
567 581 721 662 materia
753 580 791 660 &
822 605 930 681 opere
953 585 1091 661 clarum
1117 583 1177 660 his
1205 574 1369 670 addidit,
1416 549 1649 679 principalem
1684 574 1873 658 ecclesiam

257 704 501 803 &Capellam
524 727 553 781 s.
576 718 697 777 unare
723 694 868 800 pisturis
890 703 1024 779 eximie
1051 703 1249 780 decorauit.
1317 700 1446 779 Libros
1471 700 1517 778 dc·
1525 700 1605 797 jam
1636 697 1872 776 matutinales

257 827 300 905 br
313 824 415 917 alios,
435 846 546 923 quam
578 821 699 919 plures
729 844 814 899 curn
851 821 968 899 multa
997 822 1187 917 diligentia
1225 820 1397 896 conscribi
1431 816 1534 905 fecit,
1580 820 1673 896 duas
1708 829 1872 916 preterea

254 948 332 1021 ullu
351 944 532 1039 widgils
558 941 793 1020 venustissime
818 943 1008 1018 decoratas
1031 944 1078 1018 ad
1099 940 1295 1039 principale
1324 939 1515 1016 destinauit
1544 939 1666 1015 altare.
1744 936 1871 1014 Foriu·

253 1062 346 1140 souis
367 1066 406 1142 dr
431 1063 628 1141 tuocum
662 1078 736 1158 opus
765 1063 862 1157 quod
898 1063 1019 1137 nullus
1044 1073 1130 1136 ante
1164 1083 1250 1136 eum
1283 1069 1525 1155 temptauerat
1552 1057 1624 1159 ipse
1644 1059 1783 1156 primus
1814 1055 1871 1149 int·

253 1178 415 1278 clpoauit,
439 1183 481 1260 dr
501 1180 644 1280 insuper
664 1192 807 1257 veteres
835 1204 1030 1278 campanas
1054 1203 1147 1277 pene
1172 1202 1301 1255 omnes
1330 1191 1406 1254 tam
1434 1178 1587 1274 majores
1612 1201 1721 1275 quam
1751 1178 1872 1255 mino·

251 1320 306 1377 res
331 1300 497 1400 expensis
524 1324 600 1376 noo
621 1301 776 1375 modicis
803 1298 1011 1387 innouauit,
1039 1303 1076 1377 dr
1099 1299 1170 1374 alia
1189 1322 1300 1397 quarn
1323 1297 1423 1394 plura
1438 1297 1653 1374 monasterio
1673 1296 1774 1376 utilia
1793 1318 1869 1373 oon

250 1421 320 1497 one
342 1419 461 1496 multo
484 1419 627 1516 sumptu
655 1418 833 1497 &labore
856 1419 1022 1517 perfecit,
1056 1420 1115 1495 sed
1148 1420 1234 1517 quia
1260 1419 1306 1494 src
1327 1417 1361 1494 se
1385 1415 1524 1494 habent
1541 1440 1600 1493 res
1625 1418 1803 1501 humane.
1828 1423 1870 1495 vt

249 1550 373 1617 tenore
398 1539 596 1633 slusiiuago'
621 1539 834 1636 temporalia
859 1562 947 1615 cum
972 1552 1135 1637 tempore
1165 1551 1328 1625 currant,
1370 1537 1409 1614 δι
1430 1537 1522 1616 fana
1549 1537 1757 1616 mortalium
1782 1536 1871 1614 sicut

250 1662 457 1757 &corpora
490 1658 563 1756 ipsa
597 1658 798 1734 miserando
827 1682 1091 1756 nonnunquam
1119 1660 1221 1736 exitu
1244 1656 1437 1746 deficiant,
1471 1653 1607 1733 idcirco
1628 1682 1703 1736 non
1736 1659 1872 1738 mirum

248 1775 704 1875 tiprosperissucceslibus
733 1778 841 1854 tristis
872 1778 1058 1855 interdum
1093 1778 1239 1855 fortuna
1266 1778 1443 1854 succedat
1504 1775 1603 1856 Cum
1625 1788 1749 1858 tamen
1773 1776 1870 1878 apud

248 1897 446 1973 Dominum
471 1895 602 1972 merita
631 1899 806 1975 bonorum
836 1921 986 1996 operum
1016 1899 1156 1976 nullum
1188 1900 1343 1975 sentiant
1371 1897 1642 1974 detrimentum.
1691 1899 1787 1976 Cum
1806 1920 1871 1975 au·
1985 1970 1995 1981 ,.
2043 1964 2053 1978 .

248 2030 322 2094 tem
342 2015 455 2111 hujus
477 2016 531 2092 rei
558 2015 674 2092 multa
700 2015 889 2115 suppetant
911 2018 1099 2116 exempla,
1136 2021 1174 2095 in
1197 2019 1325 2096 noliris
1349 2030 1473 2094 tamen
1502 2018 1707 2125 domesticis
1733 2018 1870 2095 casibus

249 2140 293 2213 de
326 2137 401 2212 hoc
425 2138 617 2232 probatum
651 2135 733 2212 satis
770 2149 941 2216 tenemus
972 2141 1273 2235 experimentum.
1348 2137 1464 2237 Breui
1488 2139 1588 2216 enim
1619 2137 1728 2217 vuius
1754 2139 1871 2216 nostis

250 2255 438 2333 interuallo
477 2254 577 2351 longi
607 2258 702 2352 apud
728 2281 800 2334 uos
823 2260 1022 2335 multorum
1065 2282 1251 2335 annorum·
1281 2257 1439 2334 Labores
1468 2258 1521 2334 ita
1559 2260 1605 2333 ad
1632 2257 1787 2335 nihilum
1813 2281 1869 2333 re·

250 2377 339 2455 dasii
360 2374 459 2458 snut,
484 2386 526 2451 vt
553 2373 654 2450 locus
688 2378 962 2475 quampridem
992 2378 1108 2475 gratia
1133 2378 1203 2453 Dei
1226 2376 1396 2483 illustrem
1417 2377 1571 2467 fecerat,
1604 2380 1643 2456 dr
1675 2376 1870 2478 splendidis
1986 2398 2000 2405 ··

207 2520 211 2529 ·
250 2506 298 2573 ac'
313 2495 460 2575 famosas
487 2503 678 2569 ornauerat
703 2492 959 2587 incrementis,
990 2518 1088 2575 nunc
1109 2496 1207 2597 quasi
1230 2497 1367 2596 spretus
1395 2521 1437 2572 ac
1464 2495 1624 2573 desertus
1648 2499 1692 2575 ab
1721 2522 1766 2574 eo
1791 2521 1873 2578 ver·

244 2628 384 2722 *teretm
404 2614 443 2690 in
467 2611 696 2699 solitudinem
717 2630 922 2715 magnoque
935 2617 1124 2693 intuentes
1151 2618 1293 2717 stupore
1315 2616 1532 2716 percelleret.
1581 2616 1692 2693 Anno
1713 2641 1870 2716 namque

250 2738 292 2813 ab
320 2732 573 2821 incarnatione
603 2733 751 2810 Domini
774 2737 825 2811 Μ.
844 2735 921 2812 CC.
943 2738 1021 2815 XV.
1044 2736 1155 2812 Anno
1181 2749 1303 2815 autem
1328 2737 1605 2813 consecrationis
1627 2738 1774 2814 Domini
1795 2739 1872 2816 Ab·

220 2857 341 2935 batis
365 2853 473 2931 Xllll.
511 2853 639 2928 Vltro
671 2856 828 2930 Kalendas
855 2854 981 2954 Aprilis
1001 2867 1151 2961 repente
1175 2856 1307 2931 cecidit
1333 2856 1435 2951 super
1460 2879 1529 2931 uos
1555 2858 1609 2932 ira
1639 2858 1678 2934 dr
1704 2854 1872 2952 indignass

251 2977 298 3053 tio
320 2975 410 3064 Dei,
434 2975 473 3051 dr
490 2983 593 3051 tanta
621 2997 690 3049 nos
709 2972 843 3070 judicii
868 2977 919 3051 sui
951 2975 1147 3051 acerbitate
1171 2975 1398 3051 contristatos
1426 2976 1466 3052 in
1494 2975 1627 3071 Abysso
1653 2974 1792 3052 miserie
1818 2976 1871 3052 se·

251 3096 394 3195 peliuit,
418 3104 459 3170 vt
481 3093 544 3171 vix
570 3093 691 3192 aliqua
713 3090 818 3170 nobis
844 3095 1025 3172 euadendi
1053 3097 1131 3194 spes
1156 3095 1213 3174 vel
1236 3094 1431 3170 consolatio
1457 3094 1653 3192 superesset.
1714 3096 1872 3193 Speran‘·
1960 3102 1973 3115 “

251 3218 342 3296 tibus
368 3211 471 3290 euim
500 3213 607 3290 nobis'
634 3215 732 3312 quod
755 3235 827 3310 pax
862 3219 898 3293 dr
927 3213 1097 3291 securitas
1121 3214 1303 3292 habitaret
1336 3214 1375 3290 iu
1399 3214 1552 3291 Laribus
1574 3215 1718 3301 nostris,
1742 3215 1872 3293 subita·
1910 3240 1913 3247 ’

252 3358 316 3413 neo
341 3330 583 3433 expergesasti
606 3332 796 3419 incendio,
832 3332 938 3409 saluis
965 3333 1190 3411 solummodo
1215 3335 1422 3432 corporibus
1451 3336 1498 3410 de
1524 3335 1663 3412 funesto
1688 3357 1777 3432 rogo
1807 3337 1871 3413 vix

254 3456 403 3552 effugere
427 3452 633 3552 potuimus.
698 3451 821 3528 Primo
846 3476 1006 3552 namque
1027 3455 1144 3532 nostis
1175 3453 1380 3551 crepusculo
1413 3477 1436 3528 a
1473 3465 1574 3550 parte
1604 3454 1870 3554 septentrionali

244 3577 364 3675 erupit
391 3571 552 3660 adustio,
593 3595 664 3670 que
687 3574 830 3648 concite
854 3586 966 3650 vento
992 3575 1104 3648 slaute
1125 3575 1287 3650 inferiori
1309 3573 1455 3649 ecclesie
1484 3575 1578 3667 testo
1605 3574 1639 3649 se
1667 3574 1871 3673 applicans,
1911 3624 1916 3634 ·

254 3678 522 3772 scintillantibus
553 3691 712 3769 slamnris
736 3700 857 3768 totum
883 3689 1084 3804 campaoile
1109 3691 1282 3779 inuoluit,
1319 3715 1438 3791 eoque
1469 3692 1712 3771 ardentissima
1735 3697 1870 3773 consla·
2014 3728 2018 3735 “

256 3813 414 3912 potione
440 3812 592 3898 artasio,
615 3810 739 3887 solutis
764 3812 974 3887 retinaculis
1001 3834 1176 3909 campane
1203 3823 1282 3889 tam
1312 3814 1471 3907 majores
1495 3834 1607 3910 quam
1636 3814 1798 3892 minores
1816 3817 1871 3893 se·

256 3940 417 4014 rebantur
444 3929 629 4018 deorsum,
662 3935 701 4011 dr
722 3931 836 4007 muris
857 3931 1033 4006 tenaciter
1054 3931 1264 4007 herentibus
1291 3933 1448 4007 conflata
1469 3930 1509 4006 in
1533 3931 1769 4028 superioribus
1791 3950 1870 4015 iuo-

257 4054 303 4132 les
326 4056 366 4133 dr
387 4048 633 4151 particuhjtim
661 4050 848 4139 dissiliens,
889 4049 1070 4127 scrobibus
1096 4051 1246 4126 tandem
1269 4064 1360 4148 'quas
1388 4052 1552 4127 cadendo
1576 4050 1789 4131 suffodiebat
1814 4052 1882 4132 in·'

258 4173 347 4252 sedit.
412 4168 533 4249 Tanta
552 4192 640 4244 vero
669 4172 707 4247 dr
735 4182 813 4246 tarn
850 4181 956 4247 atrox
980 4171 1051 4246 fuit
1070 4168 1242 4248 violentia
1269 4170 1384 4266 ignis,
1421 4181 1461 4246 vt
1491 4194 1538 4245 ex
1566 4194 1699 4268 magna
1732 4176 1870 4252 metalli
1926 4186 1933 4194 ’

261 4290 434 4391 congerie,
467 4289 611 4367 minuta
640 4291 799 4387 quedam
829 4291 978 4386 granula
1011 4291 1240 4366 admodum
1269 4289 1363 4367 milii
1391 4290 1454 4368 vix
1481 4290 1714 4389 lpostmodum
1748 4294 1873 4392 colligi

262 4411 448 4508 potuissent.
494 4409 695 4507 Laquearia
716 4420 848 4500 tamen.
862 4410 1023 4485 trabibus
1047 4409 1155 4485 affixa
1180 4409 1376 4487 seuientem
1405 4410 1554 4507 desuper
1570 4410 1693 4506 ignem
1706 4412 1873 4512 aliquan·

265 4531 320 4607 diu
338 4527 589 4615 retardabant,
631 4532 669 4606 dr
694 4527 908 4605 Custodibus
934 4526 1080 4605 ecclesie
1103 4528 1167 4627 qui
1192 4532 1228 4604 dr
1252 4540 1343 4604 rouo
1369 4526 1497 4606 Auum
1533 4531 1644 4626 Capsu
1670 4534 1712 4617 θ’
1733 4540 1874 4628 pirum

266 4672 323 4723 m
349 4647 524 4747 sncdogr‘s
567 4647 833 4724 transl'erebant
863 4647 1013 4745 presidio
1042 4650 1156 4724 fuere.
1217 4647 1346 4725 Auleis
1373 4646 1519 4723 interim
1550 4650 1799 4747 &tapetibus
1833 4657 1872 4733 dc

206 4786 209 4791 '
267 4766 467 4866 quibusdam
478 4765 582 4846 libris
602 4766 798 4844 mdlabbus
822 4762 903 4845 tuni
922 4767 1009 4867 quia
1029 4767 1119 4865 eripi
1142 4791 1216 4843 non
1237 4780 1421 4866 poterant,
1443 4764 1579 4867 postilla
1597 4790 1645 4848 ea
1667 4768 1810 4849 incuria
1832 4777 1871 4850 in

1005 4940 1011 4949 ·
1120 4885 1184 4968 la
1377 4892 1383 4903 '
1749 4894 1874 4974 medio
