<?xml version="1.0" encoding="UTF-8"?>
<!DOCTYPE html PUBLIC "-//W3C//DTD XHTML 1.0 Transitional//EN"
    "http://www.w3.org/TR/xhtml1/DTD/xhtml1-transitional.dtd">
<html xmlns="http://www.w3.org/1999/xhtml" xml:lang="en" lang="en">
 <head>
  <title>
</title>
<meta http-equiv="Content-Type" content="text/html;charset=utf-8" />
  <meta name='ocr-system' content='tesseract 3.04.00' />
  <meta name='ocr-capabilities' content='ocr_page ocr_carea ocr_par ocr_line ocrx_word'/>
</head>
<body>
  <div class='ocr_page' id='page_1' title='image "./prodromusmonume00hessgoog_0502.png"; bbox 0 0 4276 5670; ppageno 0'>
   <div class='ocr_carea' id='block_1_1' title="bbox 705 371 1740 477">
    <p class='ocr_par' dir='ltr' id='par_1_1' title="bbox 705 371 1740 477">
     <span class='ocr_line' id='line_1_1' title="bbox 705 371 1740 477; baseline 0.011 -11"><span class='ocrx_word' id='word_1_1' title='bbox 705 371 1128 469; x_wconf 53' lang='lat' dir='ltr'><strong>meon·</strong></span> <span class='ocrx_word' id='word_1_2' title='bbox 1652 390 1740 477; x_wconf 67' lang='lat' dir='ltr'><strong>ra-</strong></span> 
     </span>
    </p>
   </div>
   <div class='ocr_carea' id='block_1_2' title="bbox 101 541 1728 772">
    <p class='ocr_par' dir='ltr' id='par_1_2' title="bbox 101 541 1728 772">
     <span class='ocr_line' id='line_1_2' title="bbox 101 541 1728 662; baseline 0.004 -30"><span class='ocrx_word' id='word_1_3' title='bbox 101 561 161 632; x_wconf 78' lang='lat' dir='ltr'><strong>tes</strong></span> <span class='ocrx_word' id='word_1_4' title='bbox 187 550 384 652; x_wconf 76' lang='lat' dir='ltr'><strong>Cnefirreonr&#39;</strong></span> <span class='ocrx_word' id='word_1_5' title='bbox 404 560 527 650; x_wconf 78' lang='lat' dir='ltr'><strong>portae</strong></span> <span class='ocrx_word' id='word_1_6' title='bbox 550 541 754 627; x_wconf 78' lang='lat' dir='ltr'><strong>conuentus</strong></span> <span class='ocrx_word' id='word_1_7' title='bbox 785 551 1022 662; x_wconf 83' lang='lat' dir='ltr'><strong>effregerunt.</strong></span> <span class='ocrx_word' id='word_1_8' title='bbox 1067 549 1191 652; x_wconf 83' lang='lat' dir='ltr'><strong>plnres</strong></span> <span class='ocrx_word' id='word_1_9' title='bbox 1220 569 1335 653; x_wconf 79' lang='lat' dir='ltr'><strong>equos</strong></span> <span class='ocrx_word' id='word_1_10' title='bbox 1365 554 1404 632; x_wconf 71' lang='grc' dir='ltr'><strong>δι</strong></span> <span class='ocrx_word' id='word_1_11' title='bbox 1427 551 1499 633; x_wconf 82' lang='lat' dir='ltr'><strong>alic</strong></span> <span class='ocrx_word' id='word_1_12' title='bbox 1518 551 1620 652; x_wconf 81' lang='lat' dir='ltr'><strong>plura</strong></span> <span class='ocrx_word' id='word_1_13' title='bbox 1643 565 1728 638; x_wconf 70' lang='lat' dir='ltr'><strong>um</strong></span> 
     </span>
     <span class='ocr_line' id='line_1_3' title="bbox 101 670 1357 772; baseline -0.005 -23"><span class='ocrx_word' id='word_1_14' title='bbox 101 673 200 751; x_wconf 90' lang='lat' dir='ltr'><strong>intra</strong></span> <span class='ocrx_word' id='word_1_15' title='bbox 221 695 328 772; x_wconf 86' lang='lat' dir='ltr'><strong>quarn</strong></span> <span class='ocrx_word' id='word_1_16' title='bbox 353 688 458 748; x_wconf 88' lang='lat' dir='ltr'><strong>extra</strong></span> <span class='ocrx_word' id='word_1_17' title='bbox 480 682 718 749; x_wconf 86' lang='lat' dir='ltr'><strong>conuentum</strong></span> <span class='ocrx_word' id='word_1_18' title='bbox 713 670 1357 767; x_wconf 74' lang='lat' dir='ltr'><strong>diripuerunt..</strong></span> 
     </span>
    </p>
   </div>
   <div class='ocr_carea' id='block_1_3' title="bbox 101 882 1728 1246">
    <p class='ocr_par' dir='ltr' id='par_1_3' title="bbox 101 882 1728 1246">
     <span class='ocr_line' id='line_1_4' title="bbox 201 882 1728 1010; baseline 0.003 -26"><span class='ocrx_word' id='word_1_19' title='bbox 201 931 255 1000; x_wconf 79' lang='lat' dir='ltr'><strong>ru.</strong></span> <span class='ocrx_word' id='word_1_20' title='bbox 281 911 381 1007; x_wconf 87' lang='lat' dir='ltr'>Sept.</span> <span class='ocrx_word' id='word_1_21' title='bbox 407 911 456 985; x_wconf 89' lang='lat' dir='ltr'><strong>D.</strong></span> <span class='ocrx_word' id='word_1_22' title='bbox 492 907 639 986; x_wconf 84' lang='lat' dir='ltr'><strong>Colonrll</strong></span> <span class='ocrx_word' id='word_1_23' title='bbox 638 935 676 984; x_wconf 79' lang='lat' dir='ltr'><strong>ur</strong></span> <span class='ocrx_word' id='word_1_24' title='bbox 709 908 877 1008; x_wconf 81' lang='lat' dir='ltr'><strong>Cnsporns</strong></span> <span class='ocrx_word' id='word_1_25' title='bbox 916 904 1042 985; x_wconf 82' lang='lat' dir='ltr'><strong>Sclroclr</strong></span> <span class='ocrx_word' id='word_1_26' title='bbox 1072 906 1260 984; x_wconf 87' lang='lat' dir='ltr'><strong>ciuitatem</strong></span> <span class='ocrx_word' id='word_1_27' title='bbox 1295 882 1634 1010; x_wconf 64' lang='lat' dir='ltr'><strong>Rauenffinrgrusem,</strong></span> <span class='ocrx_word' id='word_1_28' title='bbox 1683 914 1728 992; x_wconf 89' lang='lat' dir='ltr'><strong>in·</strong></span> 
     </span>
     <span class='ocr_line' id='line_1_5' title="bbox 101 1025 1720 1128; baseline 0.004 -22"><span class='ocrx_word' id='word_1_29' title='bbox 101 1052 174 1128; x_wconf 82' lang='lat' dir='ltr'><strong>qna</strong></span> <span class='ocrx_word' id='word_1_30' title='bbox 195 1029 404 1105; x_wconf 85' lang='lat' dir='ltr'><strong>Colonellns</strong></span> <span class='ocrx_word' id='word_1_31' title='bbox 441 1027 581 1104; x_wconf 80' lang='lat' dir='ltr'><strong>Carolus</strong></span> <span class='ocrx_word' id='word_1_32' title='bbox 618 1026 730 1103; x_wconf 79' lang='lat' dir='ltr'><strong>Comes</strong></span> <span class='ocrx_word' id='word_1_33' title='bbox 766 1025 887 1105; x_wconf 78' lang='lat' dir='ltr'><strong>Saena</strong></span> <span class='ocrx_word' id='word_1_34' title='bbox 918 1039 998 1103; x_wconf 90' lang='lat' dir='ltr'><strong>turn</strong></span> <span class='ocrx_word' id='word_1_35' title='bbox 1028 1027 1252 1114; x_wconf 82' lang='lat' dir='ltr'>morabatur,</span> <span class='ocrx_word' id='word_1_36' title='bbox 1289 1029 1381 1103; x_wconf 87' lang='lat' dir='ltr'><strong>dolo</strong></span> <span class='ocrx_word' id='word_1_37' title='bbox 1411 1051 1538 1126; x_wconf 80' lang='lat' dir='ltr'>capere</span> <span class='ocrx_word' id='word_1_38' title='bbox 1566 1032 1720 1112; x_wconf 68' lang='lat' dir='ltr'><strong>molitu</strong></span> 
     </span>
     <span class='ocr_line' id='line_1_6' title="bbox 102 1141 1469 1246; baseline 0.001 -22"><span class='ocrx_word' id='word_1_39' title='bbox 102 1150 164 1227; x_wconf 83' lang='lat' dir='ltr'><strong>eli.</strong></span> <span class='ocrx_word' id='word_1_40' title='bbox 214 1151 290 1225; x_wconf 85' lang='lat' dir='ltr'><strong>Sed</strong></span> <span class='ocrx_word' id='word_1_41' title='bbox 312 1148 476 1246; x_wconf 85' lang='lat' dir='ltr'><strong>proditus</strong></span> <span class='ocrx_word' id='word_1_42' title='bbox 499 1149 634 1245; x_wconf 81' lang='lat' dir='ltr'><strong>absque</strong></span> <span class='ocrx_word' id='word_1_43' title='bbox 660 1147 777 1226; x_wconf 83' lang='lat' dir='ltr'><strong>verbis</strong></span> <span class='ocrx_word' id='word_1_44' title='bbox 800 1148 1072 1244; x_wconf 83' lang='lat' dir='ltr'><strong>recuperatione</strong></span> <span class='ocrx_word' id='word_1_45' title='bbox 1093 1168 1177 1221; x_wconf 88' lang='lat' dir='ltr'><strong>cnm</strong></span> <span class='ocrx_word' id='word_1_46' title='bbox 1193 1141 1274 1222; x_wconf 82' lang='lat' dir='ltr'><strong>&#39;luia</strong></span> <span class='ocrx_word' id='word_1_47' title='bbox 1303 1147 1469 1225; x_wconf 87' lang='lat' dir='ltr'><strong>abscellit.</strong></span> 
     </span>
    </p>
   </div>
   <div class='ocr_carea' id='block_1_4' title="bbox 102 1315 1722 1603">
    <p class='ocr_par' dir='ltr' id='par_1_4' title="bbox 102 1315 1722 1603">
     <span class='ocr_line' id='line_1_7' title="bbox 195 1315 1722 1483; baseline 0.002 -20.01"><span class='ocrx_word' id='word_1_48' title='bbox 195 1409 257 1480; x_wconf 85' lang='lat'><strong>··23</strong></span> <span class='ocrx_word' id='word_1_49' title='bbox 284 1386 384 1483; x_wconf 83' lang='lat' dir='ltr'><strong>Sept.</strong></span> <span class='ocrx_word' id='word_1_50' title='bbox 409 1385 483 1462; x_wconf 85' lang='lat' dir='ltr'><strong>Nix</strong></span> <span class='ocrx_word' id='word_1_51' title='bbox 511 1315 604 1460; x_wconf 85' lang='lat' dir='ltr'><strong>adeo</strong></span> <span class='ocrx_word' id='word_1_52' title='bbox 634 1384 830 1482; x_wconf 84' lang='lat' dir='ltr'><strong>ponderosa</strong></span> <span class='ocrx_word' id='word_1_53' title='bbox 854 1383 1004 1470; x_wconf 89' lang='lat' dir='ltr'><strong>cecidit,</strong></span> <span class='ocrx_word' id='word_1_54' title='bbox 1031 1382 1130 1461; x_wconf 85' lang='lat' dir='ltr'><strong>foliis</strong></span> <span class='ocrx_word' id='word_1_55' title='bbox 1151 1384 1307 1460; x_wconf 82' lang='lat' dir='ltr'><strong>&#39;adlruc</strong></span> <span class='ocrx_word' id='word_1_56' title='bbox 1295 1405 1334 1459; x_wconf 88' lang='lat' dir='ltr'><strong>rn</strong></span> <span class='ocrx_word' id='word_1_57' title='bbox 1360 1385 1544 1464; x_wconf 81' lang='lat' dir='ltr'>arboribus</span> <span class='ocrx_word' id='word_1_58' title='bbox 1568 1345 1722 1466; x_wconf 68' lang='lat' dir='ltr'><strong>exillen</strong></span> 
     </span>
     <span class='ocr_line' id='line_1_8' title="bbox 102 1502 868 1603; baseline -0.005 -20"><span class='ocrx_word' id='word_1_59' title='bbox 102 1505 218 1594; x_wconf 87' lang='lat' dir='ltr'><strong>tibus,</strong></span> <span class='ocrx_word' id='word_1_60' title='bbox 257 1519 296 1584; x_wconf 83' lang='lat' dir='ltr'><strong>vt</strong></span> <span class='ocrx_word' id='word_1_61' title='bbox 319 1528 442 1583; x_wconf 88' lang='lat' dir='ltr'><strong>ramos</strong></span> <span class='ocrx_word' id='word_1_62' title='bbox 462 1504 638 1603; x_wconf 85' lang='lat' dir='ltr'><strong>plurimos</strong></span> <span class='ocrx_word' id='word_1_63' title='bbox 663 1502 868 1601; x_wconf 85' lang='lat' dir='ltr'><strong>diffregerit.</strong></span> 
     </span>
    </p>
   </div>
   <div class='ocr_carea' id='block_1_5' title="bbox 103 1681 1738 1963">
    <p class='ocr_par' dir='ltr' id='par_1_5' title="bbox 103 1681 1738 1963">
     <span class='ocr_line' id='line_1_9' title="bbox 198 1681 1738 1845; baseline 0.003 -25"><span class='ocrx_word' id='word_1_64' title='bbox 198 1743 310 1820; x_wconf 87' lang='lat' dir='ltr'><strong>Anno</strong></span> <span class='ocrx_word' id='word_1_65' title='bbox 346 1749 449 1841; x_wconf 76' lang='lat'><strong>1⁶49·</strong></span> <span class='ocrx_word' id='word_1_66' title='bbox 488 1743 596 1818; x_wconf 88' lang='lat' dir='ltr'><strong>Initio</strong></span> <span class='ocrx_word' id='word_1_67' title='bbox 628 1743 715 1818; x_wconf 90' lang='lat' dir='ltr'><strong>anni</strong></span> <span class='ocrx_word' id='word_1_68' title='bbox 748 1741 859 1839; x_wconf 79' lang='lat' dir='ltr'><strong>hujus</strong></span> <span class='ocrx_word' id='word_1_69' title='bbox 897 1751 983 1818; x_wconf 88' lang='lat' dir='ltr'><strong>ante</strong></span> <span class='ocrx_word' id='word_1_70' title='bbox 1017 1741 1145 1818; x_wconf 86' lang='lat' dir='ltr'><strong>lelium</strong></span> <span class='ocrx_word' id='word_1_71' title='bbox 1176 1738 1389 1841; x_wconf 77' lang='lat' dir='ltr'><strong>Epiphaniae</strong></span> <span class='ocrx_word' id='word_1_72' title='bbox 1421 1681 1562 1820; x_wconf 81' lang='lat' dir='ltr'><strong>Domini</strong></span> <span class='ocrx_word' id='word_1_73' title='bbox 1595 1745 1738 1845; x_wconf 74' lang='lat' dir='ltr'><strong>ingena·</strong></span> 
     </span>
     <span class='ocr_line' id='line_1_10' title="bbox 103 1860 1726 1963; baseline 0.003 -25"><span class='ocrx_word' id='word_1_74' title='bbox 103 1886 279 1963; x_wconf 69' lang='lat' dir='ltr'><strong>aquaem</strong></span> <span class='ocrx_word' id='word_1_75' title='bbox 299 1862 514 1948; x_wconf 87' lang='lat' dir='ltr'><strong>inundatio,</strong></span> <span class='ocrx_word' id='word_1_76' title='bbox 553 1873 593 1938; x_wconf 86' lang='lat' dir='ltr'><strong>vt</strong></span> <span class='ocrx_word' id='word_1_77' title='bbox 616 1861 734 1947; x_wconf 87' lang='lat' dir='ltr'><strong>illarn,</strong></span> <span class='ocrx_word' id='word_1_78' title='bbox 762 1886 855 1958; x_wconf 87' lang='lat' dir='ltr'><strong>quae</strong></span> <span class='ocrx_word' id='word_1_79' title='bbox 879 1874 966 1938; x_wconf 89' lang='lat' dir='ltr'><strong>ante</strong></span> <span class='ocrx_word' id='word_1_80' title='bbox 989 1861 1152 1960; x_wconf 76' lang='lat' dir='ltr'><strong>otioginta</strong></span> <span class='ocrx_word' id='word_1_81' title='bbox 1177 1863 1214 1938; x_wconf 78' lang='grc' dir='ltr'>ἀ</span> <span class='ocrx_word' id='word_1_82' title='bbox 1238 1860 1358 1955; x_wconf 89' lang='lat' dir='ltr'><strong>plures</strong></span> <span class='ocrx_word' id='word_1_83' title='bbox 1384 1885 1499 1940; x_wconf 87' lang='lat' dir='ltr'><strong>annos</strong></span> <span class='ocrx_word' id='word_1_84' title='bbox 1523 1865 1624 1940; x_wconf 83' lang='lat' dir='ltr'><strong>inille</strong></span> <span class='ocrx_word' id='word_1_85' title='bbox 1647 1890 1726 1944; x_wconf 88' lang='lat' dir='ltr'><strong>rne-</strong></span> 
     </span>
    </p>
   </div>
   <div class='ocr_carea' id='block_1_6' title="bbox 102 1977 1872 2080">
    <p class='ocr_par' dir='ltr' id='par_1_6' title="bbox 102 1977 1872 2080">
     <span class='ocr_line' id='line_1_11' title="bbox 102 1977 1872 2080; baseline 0.002 -21"><span class='ocrx_word' id='word_1_86' title='bbox 102 1997 281 2071; x_wconf 86' lang='lat' dir='ltr'><strong>moratur,</strong></span> <span class='ocrx_word' id='word_1_87' title='bbox 321 1984 426 2078; x_wconf 89' lang='lat' dir='ltr'><strong>longe</strong></span> <span class='ocrx_word' id='word_1_88' title='bbox 451 1980 648 2058; x_wconf 79' lang='lat' dir='ltr'><strong>excesserit</strong></span> <span class='ocrx_word' id='word_1_89' title='bbox 705 1981 813 2057; x_wconf 89' lang='lat' dir='ltr'><strong>Hanc</strong></span> <span class='ocrx_word' id='word_1_90' title='bbox 836 2005 1011 2080; x_wconf 89' lang='lat' dir='ltr'><strong>aquarum</strong></span> <span class='ocrx_word' id='word_1_91' title='bbox 1035 1977 1152 2075; x_wconf 89' lang='lat' dir='ltr'><strong>rnajor</strong></span> <span class='ocrx_word' id='word_1_92' title='bbox 1174 1979 1258 2055; x_wconf 87' lang='lat' dir='ltr'><strong>belli</strong></span> <span class='ocrx_word' id='word_1_93' title='bbox 1283 2003 1326 2054; x_wconf 89' lang='lat' dir='ltr'><strong>ac</strong></span> <span class='ocrx_word' id='word_1_94' title='bbox 1350 1982 1508 2061; x_wconf 89' lang='lat' dir='ltr'><strong>militurn</strong></span> <span class='ocrx_word' id='word_1_95' title='bbox 1532 1985 1725 2062; x_wconf 85' lang='lat' dir='ltr'><strong>inundatio</strong></span> <span class='ocrx_word' id='word_1_96' title='bbox 1867 1995 1872 2001; x_wconf 83' lang='lat'>&#39;</span> 
     </span>
    </p>
   </div>
   <div class='ocr_carea' id='block_1_7' title="bbox 104 2098 1793 2439">
    <p class='ocr_par' dir='ltr' id='par_1_7' title="bbox 104 2098 1793 2439">
     <span class='ocr_line' id='line_1_12' title="bbox 104 2098 1793 2201; baseline 0.003 -22"><span class='ocrx_word' id='word_1_97' title='bbox 104 2106 167 2179; x_wconf 84' lang='lat' dir='ltr'><strong>inb</strong></span> <span class='ocrx_word' id='word_1_98' title='bbox 192 2104 341 2201; x_wconf 85' lang='lat' dir='ltr'><strong>sequuta</strong></span> <span class='ocrx_word' id='word_1_99' title='bbox 362 2103 431 2178; x_wconf 88' lang='lat' dir='ltr'><strong>est:</strong></span> <span class='ocrx_word' id='word_1_100' title='bbox 475 2099 640 2199; x_wconf 78' lang='lat' dir='ltr'><strong>Hybrrna</strong></span> <span class='ocrx_word' id='word_1_101' title='bbox 663 2101 763 2176; x_wconf 90' lang='lat' dir='ltr'><strong>enirn</strong></span> <span class='ocrx_word' id='word_1_102' title='bbox 789 2100 883 2175; x_wconf 86' lang='lat' dir='ltr'><strong>hisce</strong></span> <span class='ocrx_word' id='word_1_103' title='bbox 906 2101 943 2175; x_wconf 95' lang='lat' dir='ltr'><strong>in</strong></span> <span class='ocrx_word' id='word_1_104' title='bbox 970 2099 1176 2194; x_wconf 87' lang='lat' dir='ltr'><strong>regionibus</strong></span> <span class='ocrx_word' id='word_1_105' title='bbox 1204 2099 1317 2186; x_wconf 87' lang='lat' dir='ltr'><strong>Galli,</strong></span> <span class='ocrx_word' id='word_1_106' title='bbox 1358 2098 1511 2199; x_wconf 80' lang='lat' dir='ltr'><strong>Saecr&#39;quc</strong></span> <span class='ocrx_word' id='word_1_107' title='bbox 1537 2104 1728 2184; x_wconf 79' lang='lat' dir='ltr'><strong>subeuntes</strong></span> <span class='ocrx_word' id='word_1_108' title='bbox 1782 2136 1793 2153; x_wconf 93' lang='lat'><strong>·</strong></span> 
     </span>
     <span class='ocr_line' id='line_1_13' title="bbox 105 2218 1727 2324; baseline 0 -24"><span class='ocrx_word' id='word_1_109' title='bbox 105 2223 256 2301; x_wconf 84' lang='lat' dir='ltr'><strong>miseros</strong></span> <span class='ocrx_word' id='word_1_110' title='bbox 285 2222 453 2308; x_wconf 84' lang='lat' dir='ltr'><strong>rusticos,</strong></span> <span class='ocrx_word' id='word_1_111' title='bbox 490 2221 649 2318; x_wconf 87' lang='lat' dir='ltr'><strong>alioquin</strong></span> <span class='ocrx_word' id='word_1_112' title='bbox 674 2219 819 2318; x_wconf 88' lang='lat' dir='ltr'><strong>penitus</strong></span> <span class='ocrx_word' id='word_1_113' title='bbox 844 2218 1057 2308; x_wconf 79' lang='lat' dir='ltr'><strong>exhaustos,</strong></span> <span class='ocrx_word' id='word_1_114' title='bbox 1099 2218 1310 2313; x_wconf 80' lang='lat' dir='ltr'><strong>grauiffimis</strong></span> <span class='ocrx_word' id='word_1_115' title='bbox 1340 2220 1523 2316; x_wconf 85' lang='lat' dir='ltr'><strong>&amp;pabuli</strong></span> <span class='ocrx_word' id='word_1_116' title='bbox 1548 2227 1585 2302; x_wconf 71' lang='lat' dir='ltr'><strong>oc</strong></span> <span class='ocrx_word' id='word_1_117' title='bbox 1619 2248 1727 2324; x_wconf 88' lang='lat' dir='ltr'><strong>pecu·</strong></span> 
     </span>
     <span class='ocr_line' id='line_1_14' title="bbox 105 2338 1740 2439; baseline 0.001 -21"><span class='ocrx_word' id='word_1_118' title='bbox 105 2344 249 2418; x_wconf 90' lang='lat' dir='ltr'><strong>niarurn</strong></span> <span class='ocrx_word' id='word_1_119' title='bbox 273 2341 519 2418; x_wconf 70' lang='lat' dir='ltr'><strong>exustionibus</strong></span> <span class='ocrx_word' id='word_1_120' title='bbox 543 2342 636 2415; x_wconf 89' lang='lat' dir='ltr'><strong>adeo</strong></span> <span class='ocrx_word' id='word_1_121' title='bbox 660 2341 890 2437; x_wconf 88' lang='lat' dir='ltr'><strong>premebant.</strong></span> <span class='ocrx_word' id='word_1_122' title='bbox 923 2350 963 2416; x_wconf 83' lang='lat' dir='ltr'><strong>ut</strong></span> <span class='ocrx_word' id='word_1_123' title='bbox 986 2338 1057 2414; x_wconf 91' lang='lat' dir='ltr'><strong>dici</strong></span> <span class='ocrx_word' id='word_1_124' title='bbox 1080 2362 1155 2417; x_wconf 91' lang='lat' dir='ltr'><strong>non</strong></span> <span class='ocrx_word' id='word_1_125' title='bbox 1180 2338 1297 2435; x_wconf 75' lang='lat' dir='ltr'><strong>polilt..</strong></span> <span class='ocrx_word' id='word_1_126' title='bbox 1338 2339 1376 2417; x_wconf 78' lang='lat' dir='ltr'>A</span> <span class='ocrx_word' id='word_1_127' title='bbox 1400 2340 1530 2439; x_wconf 81' lang='lat' dir='ltr'><strong>quibus</strong></span> <span class='ocrx_word' id='word_1_128' title='bbox 1552 2367 1622 2420; x_wconf 87' lang='lat' dir='ltr'><strong>nec</strong></span> <span class='ocrx_word' id='word_1_129' title='bbox 1646 2346 1740 2421; x_wconf 88' lang='lat' dir='ltr'><strong>Mo·-</strong></span> 
     </span>
    </p>
   </div>
   <div class='ocr_carea' id='block_1_8' title="bbox 104 2457 1938 2556">
    <p class='ocr_par' dir='ltr' id='par_1_8' title="bbox 104 2457 1938 2556">
     <span class='ocr_line' id='line_1_15' title="bbox 104 2457 1938 2556; baseline 0.002 -18"><span class='ocrx_word' id='word_1_130' title='bbox 104 2463 299 2538; x_wconf 86' lang='lat' dir='ltr'><strong>nalieriurn</strong></span> <span class='ocrx_word' id='word_1_131' title='bbox 334 2463 493 2537; x_wconf 84' lang='lat' dir='ltr'><strong>nostrum</strong></span> <span class='ocrx_word' id='word_1_132' title='bbox 522 2460 686 2536; x_wconf 87' lang='lat' dir='ltr'><strong>immune</strong></span> <span class='ocrx_word' id='word_1_133' title='bbox 718 2459 798 2535; x_wconf 86' lang='lat' dir='ltr'><strong>fuit.</strong></span> <span class='ocrx_word' id='word_1_134' title='bbox 869 2458 973 2534; x_wconf 85' lang='lat' dir='ltr'><strong>Duae</strong></span> <span class='ocrx_word' id='word_1_135' title='bbox 1003 2458 1102 2534; x_wconf 90' lang='lat' dir='ltr'><strong>enirn</strong></span> <span class='ocrx_word' id='word_1_136' title='bbox 1128 2457 1303 2556; x_wconf 84' lang='lat' dir='ltr'><strong>Equitum</strong></span> <span class='ocrx_word' id='word_1_137' title='bbox 1330 2459 1486 2536; x_wconf 88' lang='lat' dir='ltr'><strong>anmac</strong></span> <span class='ocrx_word' id='word_1_138' title='bbox 1519 2484 1542 2535; x_wconf 92' lang='lat' dir='ltr'><strong>a</strong></span> <span class='ocrx_word' id='word_1_139' title='bbox 1572 2477 1729 2540; x_wconf 68' lang='lat' dir='ltr'><strong>connata</strong></span> <span class='ocrx_word' id='word_1_140' title='bbox 1860 2468 1870 2488; x_wconf 73' lang='lat'><strong>²</strong></span> <span class='ocrx_word' id='word_1_141' title='bbox 1932 2535 1938 2542; x_wconf 89' lang='lat'><strong>.</strong></span> 
     </span>
    </p>
   </div>
   <div class='ocr_carea' id='block_1_9' title="bbox 105 2576 1741 3279">
    <p class='ocr_par' dir='ltr' id='par_1_9' title="bbox 105 2576 1741 3279">
     <span class='ocr_line' id='line_1_16' title="bbox 105 2576 1727 2682; baseline 0 -23"><span class='ocrx_word' id='word_1_142' title='bbox 105 2580 223 2659; x_wconf 84' lang='lat' dir='ltr'><strong>circuli</strong></span> <span class='ocrx_word' id='word_1_143' title='bbox 247 2581 372 2680; x_wconf 72' lang='lat' dir='ltr'><strong>serenici</strong></span> <span class='ocrx_word' id='word_1_144' title='bbox 402 2580 520 2657; x_wconf 82' lang='lat' dir='ltr'><strong>Vlrnne</strong></span> <span class='ocrx_word' id='word_1_145' title='bbox 544 2578 655 2655; x_wconf 82' lang='lat' dir='ltr'><strong>lrnbito</strong></span> <span class='ocrx_word' id='word_1_146' title='bbox 684 2578 789 2654; x_wconf 87' lang='lat' dir='ltr'><strong>nobis</strong></span> <span class='ocrx_word' id='word_1_147' title='bbox 819 2579 1018 2655; x_wconf 86' lang='lat' dir='ltr'><strong>destinatae</strong></span> <span class='ocrx_word' id='word_1_148' title='bbox 1049 2576 1279 2682; x_wconf 86' lang='lat' dir='ltr'><strong>obtigerunt,</strong></span> <span class='ocrx_word' id='word_1_149' title='bbox 1318 2600 1408 2675; x_wconf 87' lang='lat' dir='ltr'><strong>quas</strong></span> <span class='ocrx_word' id='word_1_150' title='bbox 1442 2579 1727 2659; x_wconf 82' lang='lat' dir='ltr'><strong>Vicecolonellus</strong></span> 
     </span>
     <span class='ocr_line' id='line_1_17' title="bbox 105 2695 1737 2804; baseline 0.002 -29"><span class='ocrx_word' id='word_1_151' title='bbox 105 2699 262 2804; x_wconf 62' lang='lat' dir='ltr'><strong>Jocabor</strong></span> <span class='ocrx_word' id='word_1_152' title='bbox 286 2700 326 2775; x_wconf 81' lang='lat' dir='ltr'><strong>de</strong></span> <span class='ocrx_word' id='word_1_153' title='bbox 358 2699 464 2774; x_wconf 78' lang='lat' dir='ltr'><strong>Porta</strong></span> <span class='ocrx_word' id='word_1_154' title='bbox 499 2699 620 2775; x_wconf 80' lang='lat' dir='ltr'><strong>Gallus</strong></span> <span class='ocrx_word' id='word_1_155' title='bbox 657 2697 815 2775; x_wconf 83' lang='lat' dir='ltr'><strong>Caluinus</strong></span> <span class='ocrx_word' id='word_1_156' title='bbox 850 2697 963 2774; x_wconf 92' lang='lat' dir='ltr'><strong>horno</strong></span> <span class='ocrx_word' id='word_1_157' title='bbox 995 2697 1152 2772; x_wconf 82' lang='lat' dir='ltr'><strong>crudelis</strong></span> <span class='ocrx_word' id='word_1_158' title='bbox 1191 2695 1230 2773; x_wconf 69' lang='grc' dir='ltr'><strong>δι</strong></span> <span class='ocrx_word' id='word_1_159' title='bbox 1265 2696 1400 2793; x_wconf 83' lang='lat' dir='ltr'><strong>irnpiuc</strong></span> <span class='ocrx_word' id='word_1_160' title='bbox 1436 2700 1616 2787; x_wconf 88' lang='lat' dir='ltr'><strong>ducebat,</strong></span> <span class='ocrx_word' id='word_1_161' title='bbox 1662 2703 1737 2803; x_wconf 88' lang='lat' dir='ltr'><strong>qui</strong></span> 
     </span>
     <span class='ocr_line' id='line_1_18' title="bbox 107 2806 1741 2927; baseline 0.002 -32"><span class='ocrx_word' id='word_1_162' title='bbox 107 2843 177 2895; x_wconf 84' lang='lat' dir='ltr'><strong>nos</strong></span> <span class='ocrx_word' id='word_1_163' title='bbox 200 2821 238 2898; x_wconf 72' lang='lat' dir='ltr'><strong>bt</strong></span> <span class='ocrx_word' id='word_1_164' title='bbox 264 2818 422 2897; x_wconf 87' lang='lat' dir='ltr'><strong>subditos</strong></span> <span class='ocrx_word' id='word_1_165' title='bbox 446 2818 583 2893; x_wconf 86' lang='lat' dir='ltr'><strong>nostros</strong></span> <span class='ocrx_word' id='word_1_166' title='bbox 607 2843 681 2893; x_wconf 92' lang='lat' dir='ltr'><strong>non</strong></span> <span class='ocrx_word' id='word_1_167' title='bbox 707 2816 835 2927; x_wconf 82' lang='lat' dir='ltr'><strong>rnilitis</strong></span> <span class='ocrx_word' id='word_1_168' title='bbox 858 2817 917 2892; x_wconf 91' lang='lat' dir='ltr'><strong>led</strong></span> <span class='ocrx_word' id='word_1_169' title='bbox 943 2814 1094 2913; x_wconf 71' lang='lat' dir='ltr'><strong>Tyranni</strong></span> <span class='ocrx_word' id='word_1_170' title='bbox 1116 2815 1225 2890; x_wconf 86' lang='lat' dir='ltr'><strong>instar</strong></span> <span class='ocrx_word' id='word_1_171' title='bbox 1247 2815 1520 2896; x_wconf 84' lang='lat' dir='ltr'><strong>intolerabiliter</strong></span> <span class='ocrx_word' id='word_1_172' title='bbox 1543 2806 1741 2903; x_wconf 46' lang='lat' dir='ltr'><strong>excrucia?</strong></span> 
     </span>
     <span class='ocr_line' id='line_1_19' title="bbox 107 2934 1728 3037; baseline 0.001 -20"><span class='ocrx_word' id='word_1_173' title='bbox 107 2942 190 3020; x_wconf 85' lang='lat' dir='ltr'><strong>bat;</strong></span> <span class='ocrx_word' id='word_1_174' title='bbox 228 2963 296 3014; x_wconf 89' lang='lat' dir='ltr'><strong>nec</strong></span> <span class='ocrx_word' id='word_1_175' title='bbox 321 2953 409 3016; x_wconf 89' lang='lat' dir='ltr'><strong>tnnc</strong></span> <span class='ocrx_word' id='word_1_176' title='bbox 432 2937 619 3013; x_wconf 84' lang='lat' dir='ltr'><strong>subuenire</strong></span> <span class='ocrx_word' id='word_1_177' title='bbox 643 2938 781 3012; x_wconf 84' lang='lat' dir='ltr'><strong>miseris</strong></span> <span class='ocrx_word' id='word_1_178' title='bbox 814 2935 965 3013; x_wconf 84' lang='lat' dir='ltr'><strong>subditis</strong></span> <span class='ocrx_word' id='word_1_179' title='bbox 993 2934 1320 3012; x_wconf 85' lang='lat' dir='ltr'><strong>Reuerendilsrmus</strong></span> <span class='ocrx_word' id='word_1_180' title='bbox 1348 2936 1465 3014; x_wconf 89' lang='lat' dir='ltr'><strong>noster</strong></span> <span class='ocrx_word' id='word_1_181' title='bbox 1486 2941 1628 3037; x_wconf 85' lang='lat' dir='ltr'><strong>potuit,</strong></span> <span class='ocrx_word' id='word_1_182' title='bbox 1663 2940 1728 3019; x_wconf 80' lang='lat' dir='ltr'><strong>etli</strong></span> 
     </span>
     <span class='ocr_line' id='line_1_20' title="bbox 105 3053 1739 3157; baseline 0.003 -24"><span class='ocrx_word' id='word_1_183' title='bbox 105 3059 144 3133; x_wconf 94' lang='lat' dir='ltr'><strong>id</strong></span> <span class='ocrx_word' id='word_1_184' title='bbox 167 3059 295 3134; x_wconf 90' lang='lat' dir='ltr'><strong>lubens</strong></span> <span class='ocrx_word' id='word_1_185' title='bbox 320 3055 465 3133; x_wconf 81' lang='lat' dir='ltr'><strong>feciliet.</strong></span> <span class='ocrx_word' id='word_1_186' title='bbox 515 3056 652 3133; x_wconf 81' lang='lat' dir='ltr'><strong>Nobiles</strong></span> <span class='ocrx_word' id='word_1_187' title='bbox 675 3056 797 3132; x_wconf 92' lang='lat' dir='ltr'><strong>circuli</strong></span> <span class='ocrx_word' id='word_1_188' title='bbox 819 3055 953 3132; x_wconf 88' lang='lat' dir='ltr'><strong>sueuici</strong></span> <span class='ocrx_word' id='word_1_189' title='bbox 977 3054 1016 3133; x_wconf 68' lang='grc' dir='ltr'>ἃ</span> <span class='ocrx_word' id='word_1_190' title='bbox 1036 3055 1206 3157; x_wconf 80' lang='lat' dir='ltr'><strong>Austriacr&#39;</strong></span> <span class='ocrx_word' id='word_1_191' title='bbox 1221 3053 1349 3154; x_wconf 82' lang='lat' dir='ltr'><strong>subditi</strong></span> <span class='ocrx_word' id='word_1_192' title='bbox 1371 3061 1416 3135; x_wconf 85' lang='lat' dir='ltr'><strong>ab</strong></span> <span class='ocrx_word' id='word_1_193' title='bbox 1437 3059 1533 3135; x_wconf 85' lang='lat' dir='ltr'><strong>hisce</strong></span> <span class='ocrx_word' id='word_1_194' title='bbox 1552 3059 1739 3157; x_wconf 47' lang='lat' dir='ltr'><strong>hybernia,</strong></span> 
     </span>
     <span class='ocr_line' id='line_1_21' title="bbox 106 3174 1727 3279; baseline 0 -23"><span class='ocrx_word' id='word_1_195' title='bbox 106 3179 145 3256; x_wconf 76' lang='lat' dir='ltr'><strong>bc</strong></span> <span class='ocrx_word' id='word_1_196' title='bbox 167 3178 412 3254; x_wconf 74' lang='lat' dir='ltr'><strong>exatiionibus</strong></span> <span class='ocrx_word' id='word_1_197' title='bbox 436 3177 580 3276; x_wconf 88' lang='lat' dir='ltr'><strong>quidem</strong></span> <span class='ocrx_word' id='word_1_198' title='bbox 606 3175 706 3253; x_wconf 89' lang='lat' dir='ltr'><strong>liberi</strong></span> <span class='ocrx_word' id='word_1_199' title='bbox 731 3187 852 3252; x_wconf 85' lang='lat' dir='ltr'><strong>erant:</strong></span> <span class='ocrx_word' id='word_1_200' title='bbox 894 3175 954 3251; x_wconf 87' lang='lat' dir='ltr'><strong>led</strong></span> <span class='ocrx_word' id='word_1_201' title='bbox 977 3175 1067 3259; x_wconf 88' lang='lat' dir='ltr'><strong>alio,</strong></span> <span class='ocrx_word' id='word_1_202' title='bbox 1110 3175 1282 3250; x_wconf 88' lang='lat' dir='ltr'><strong>nimirum</strong></span> <span class='ocrx_word' id='word_1_203' title='bbox 1316 3174 1353 3249; x_wconf 90' lang='lat' dir='ltr'><strong>in</strong></span> <span class='ocrx_word' id='word_1_204' title='bbox 1379 3177 1550 3273; x_wconf 81' lang='lat' dir='ltr'><strong>praefidia</strong></span> <span class='ocrx_word' id='word_1_205' title='bbox 1573 3179 1727 3279; x_wconf 69' lang='lat' dir='ltr'><strong>Brigan-</strong></span> 
     </span>
    </p>
   </div>
   <div class='ocr_carea' id='block_1_10' title="bbox 108 3293 1871 3399">
    <p class='ocr_par' dir='ltr' id='par_1_10' title="bbox 108 3293 1871 3399">
     <span class='ocr_line' id='line_1_22' title="bbox 108 3293 1871 3399; baseline 0.001 -24"><span class='ocrx_word' id='word_1_206' title='bbox 108 3305 212 3376; x_wconf 80' lang='lat' dir='ltr'><strong>tinnm</strong></span> <span class='ocrx_word' id='word_1_207' title='bbox 226 3300 264 3375; x_wconf 86' lang='lat'>&amp;</span> <span class='ocrx_word' id='word_1_208' title='bbox 282 3297 520 3399; x_wconf 82' lang='lat' dir='ltr'><strong>Constantiensr</strong></span> <span class='ocrx_word' id='word_1_209' title='bbox 542 3296 715 3390; x_wconf 85' lang='lat' dir='ltr'><strong>stipendia</strong></span> <span class='ocrx_word' id='word_1_210' title='bbox 733 3295 902 3373; x_wconf 86' lang='lat' dir='ltr'><strong>militaria</strong></span> <span class='ocrx_word' id='word_1_211' title='bbox 922 3296 1098 3392; x_wconf 88' lang='lat' dir='ltr'><strong>pendere,</strong></span> <span class='ocrx_word' id='word_1_212' title='bbox 1125 3293 1443 3391; x_wconf 76' lang='lat' dir='ltr'><strong>&amp;praesidiarium</strong></span> <span class='ocrx_word' id='word_1_213' title='bbox 1460 3296 1615 3377; x_wconf 86' lang='lat' dir='ltr'><strong>militem</strong></span> <span class='ocrx_word' id='word_1_214' title='bbox 1630 3300 1729 3377; x_wconf 82' lang='lat' dir='ltr'><strong>alere</strong></span> <span class='ocrx_word' id='word_1_215' title='bbox 1868 3321 1871 3329; x_wconf 86' lang='lat'><em>·</em></span> 
     </span>
    </p>
   </div>
   <div class='ocr_carea' id='block_1_11' title="bbox 106 3411 1728 3516">
    <p class='ocr_par' dir='ltr' id='par_1_11' title="bbox 106 3411 1728 3516">
     <span class='ocr_line' id='line_1_23' title="bbox 106 3411 1728 3516; baseline 0.001 -22"><span class='ocrx_word' id='word_1_216' title='bbox 106 3422 335 3514; x_wconf 87' lang='lat' dir='ltr'><strong>cogebantur.</strong></span> <span class='ocrx_word' id='word_1_217' title='bbox 390 3429 422 3500; x_wconf 91' lang='lat'><strong>8.</strong></span> <span class='ocrx_word' id='word_1_218' title='bbox 448 3417 547 3516; x_wconf 71' lang='lat' dir='ltr'><strong>lunii</strong></span> <span class='ocrx_word' id='word_1_219' title='bbox 569 3416 648 3490; x_wconf 68' lang='lat' dir='ltr'><strong>ult</strong></span> <span class='ocrx_word' id='word_1_220' title='bbox 674 3417 741 3492; x_wconf 87' lang='lat' dir='ltr'><strong>l’P.</strong></span> <span class='ocrx_word' id='word_1_221' title='bbox 769 3415 931 3514; x_wconf 81' lang='lat' dir='ltr'><strong>Capacinr&#39;</strong></span> <span class='ocrx_word' id='word_1_222' title='bbox 953 3440 975 3490; x_wconf 84' lang='lat' dir='ltr'><strong>a</strong></span> <span class='ocrx_word' id='word_1_223' title='bbox 1000 3412 1234 3515; x_wconf 76' lang='lat' dir='ltr'><strong>Conrmr&#39;ffarr&#39;is</strong></span> <span class='ocrx_word' id='word_1_224' title='bbox 1262 3411 1535 3515; x_wconf 71' lang='lat' dir='ltr'><strong>Wrtrnbrrgicr&#39;s</strong></span> <span class='ocrx_word' id='word_1_225' title='bbox 1557 3443 1580 3493; x_wconf 93' lang='lat' dir='ltr'><strong>e</strong></span> <span class='ocrx_word' id='word_1_226' title='bbox 1602 3435 1728 3497; x_wconf 56' lang='lat' dir='ltr'><strong>monae</strong></span> 
     </span>
    </p>
   </div>
   <div class='ocr_carea' id='block_1_12' title="bbox 105 3532 1837 3632">
    <p class='ocr_par' dir='ltr' id='par_1_12' title="bbox 105 3532 1837 3632">
     <span class='ocr_line' id='line_1_24' title="bbox 105 3532 1837 3632; baseline 0.001 -18"><span class='ocrx_word' id='word_1_227' title='bbox 105 3539 211 3614; x_wconf 83' lang='lat' dir='ltr'><strong>sterio</strong></span> <span class='ocrx_word' id='word_1_228' title='bbox 236 3539 299 3614; x_wconf 89' lang='lat' dir='ltr'><strong>luo</strong></span> <span class='ocrx_word' id='word_1_229' title='bbox 322 3537 499 3632; x_wconf 85' lang='lat' dir='ltr'><strong>emigrare</strong></span> <span class='ocrx_word' id='word_1_230' title='bbox 523 3535 598 3631; x_wconf 76' lang='lat' dir='ltr'><strong>julia</strong></span> <span class='ocrx_word' id='word_1_231' title='bbox 625 3534 716 3620; x_wconf 86' lang='lat' dir='ltr'><strong>lunt,</strong></span> <span class='ocrx_word' id='word_1_232' title='bbox 782 3535 906 3632; x_wconf 90' lang='lat' dir='ltr'><strong>ltaque</strong></span> <span class='ocrx_word' id='word_1_233' title='bbox 938 3535 1065 3609; x_wconf 82' lang='lat' dir='ltr'><strong>exules</strong></span> <span class='ocrx_word' id='word_1_234' title='bbox 1087 3532 1173 3608; x_wconf 91' lang='lat' dir='ltr'><strong>boni</strong></span> <span class='ocrx_word' id='word_1_235' title='bbox 1206 3533 1332 3608; x_wconf 83' lang='lat' dir='ltr'><strong>Patres</strong></span> <span class='ocrx_word' id='word_1_236' title='bbox 1356 3535 1518 3612; x_wconf 82' lang='lat' dir='ltr'><strong>colonias</strong></span> <span class='ocrx_word' id='word_1_237' title='bbox 1554 3539 1633 3614; x_wconf 84' lang='lat' dir='ltr'><strong>luas</strong></span> <span class='ocrx_word' id='word_1_238' title='bbox 1656 3539 1727 3616; x_wconf 77' lang='lat' dir='ltr'><strong>At·</strong></span> <span class='ocrx_word' id='word_1_239' title='bbox 1822 3551 1837 3574; x_wconf 82' lang='lat'><em>⁰</em></span> 
     </span>
    </p>
   </div>
   <div class='ocr_carea' id='block_1_13' title="bbox 106 3653 1829 4115">
    <p class='ocr_par' dir='ltr' id='par_1_13' title="bbox 106 3653 1829 4115">
     <span class='ocr_line' id='line_1_25' title="bbox 108 3653 1766 3758; baseline 0.001 -25"><span class='ocrx_word' id='word_1_240' title='bbox 108 3661 247 3758; x_wconf 74' lang='lat' dir='ltr'><strong>torfflnm</strong></span> <span class='ocrx_word' id='word_1_241' title='bbox 272 3659 309 3732; x_wconf 94' lang='lat' dir='ltr'><strong>in</strong></span> <span class='ocrx_word' id='word_1_242' title='bbox 334 3658 445 3731; x_wconf 86' lang='lat' dir='ltr'><strong>aedes</strong></span> <span class='ocrx_word' id='word_1_243' title='bbox 469 3655 604 3730; x_wconf 89' lang='lat' dir='ltr'><strong>nollras</strong></span> <span class='ocrx_word' id='word_1_244' title='bbox 627 3653 847 3751; x_wconf 88' lang='lat' dir='ltr'><strong>parochiales</strong></span> <span class='ocrx_word' id='word_1_245' title='bbox 871 3655 1122 3728; x_wconf 88' lang='lat' dir='ltr'><strong>traduxerunt.</strong></span> <span class='ocrx_word' id='word_1_246' title='bbox 1172 3677 1226 3748; x_wconf 82' lang='lat'><strong>15.</strong></span> <span class='ocrx_word' id='word_1_247' title='bbox 1254 3653 1347 3749; x_wconf 85' lang='lat' dir='ltr'><strong>Aug.</strong></span> <span class='ocrx_word' id='word_1_248' title='bbox 1372 3655 1629 3736; x_wconf 78' lang='lat' dir='ltr'><strong>Monalierium</strong></span> <span class='ocrx_word' id='word_1_249' title='bbox 1657 3661 1766 3738; x_wconf 71' lang='lat' dir='ltr'><strong>Pr.—</strong></span> 
     </span>
     <span class='ocr_line' id='line_1_26' title="bbox 108 3773 1728 3873; baseline 0.003 -22"><span class='ocrx_word' id='word_1_250' title='bbox 108 3777 375 3872; x_wconf 86' lang='lat' dir='ltr'><strong>Capucinorum</strong></span> <span class='ocrx_word' id='word_1_251' title='bbox 407 3776 445 3850; x_wconf 92' lang='lat' dir='ltr'><strong>in</strong></span> <span class='ocrx_word' id='word_1_252' title='bbox 458 3774 689 3873; x_wconf 83' lang='lat' dir='ltr'><strong>-Rancnspnrg</strong></span> <span class='ocrx_word' id='word_1_253' title='bbox 721 3773 814 3848; x_wconf 89' lang='lat' dir='ltr'><strong>dirui</strong></span> <span class='ocrx_word' id='word_1_254' title='bbox 847 3786 1017 3868; x_wconf 89' lang='lat' dir='ltr'><strong>coeptum</strong></span> <span class='ocrx_word' id='word_1_255' title='bbox 1050 3783 1176 3848; x_wconf 71' lang='lat' dir='ltr'><strong>nonna</strong></span> <span class='ocrx_word' id='word_1_256' title='bbox 1204 3785 1288 3848; x_wconf 85' lang='lat' dir='ltr'><strong>vota</strong></span> <span class='ocrx_word' id='word_1_257' title='bbox 1318 3774 1498 3852; x_wconf 75' lang='lat' dir='ltr'><strong>Dirrllorii</strong></span> <span class='ocrx_word' id='word_1_258' title='bbox 1531 3778 1728 3858; x_wconf 82' lang='lat' dir='ltr'><strong>Norimber·</strong></span> 
     </span>
     <span class='ocr_line' id='line_1_27' title="bbox 106 3891 1829 3998; baseline 0.002 -24"><span class='ocrx_word' id='word_1_259' title='bbox 106 3902 232 3998; x_wconf 79' lang='lat' dir='ltr'><strong>grnfis‚</strong></span> <span class='ocrx_word' id='word_1_260' title='bbox 272 3895 479 3991; x_wconf 78' lang='lat' dir='ltr'><strong>vrgennbus</strong></span> <span class='ocrx_word' id='word_1_261' title='bbox 502 3895 555 3969; x_wconf 92' lang='lat' dir='ltr'><strong>ita</strong></span> <span class='ocrx_word' id='word_1_262' title='bbox 577 3893 717 3968; x_wconf 88' lang='lat' dir='ltr'><strong>ciuibus</strong></span> <span class='ocrx_word' id='word_1_263' title='bbox 747 3891 980 3967; x_wconf 86' lang='lat' dir='ltr'><strong>heterodoxis</strong></span> <span class='ocrx_word' id='word_1_264' title='bbox 1013 3891 1050 3968; x_wconf 72' lang='grc' dir='ltr'><strong>ὅ(</strong></span> <span class='ocrx_word' id='word_1_265' title='bbox 1084 3891 1325 3989; x_wconf 68' lang='lat' dir='ltr'><strong>praenotione</strong></span> <span class='ocrx_word' id='word_1_266' title='bbox 1351 3894 1525 3973; x_wconf 88' lang='lat' dir='ltr'><strong>militibus</strong></span> <span class='ocrx_word' id='word_1_267' title='bbox 1557 3898 1728 3988; x_wconf 78' lang='lat' dir='ltr'><strong>suecicis.</strong></span> <span class='ocrx_word' id='word_1_268' title='bbox 1825 3954 1829 3962; x_wconf 89' lang='lat'>-</span> 
     </span>
     <span class='ocr_line' id='line_1_28' title="bbox 107 4011 1743 4115; baseline 0.001 -23"><span class='ocrx_word' id='word_1_269' title='bbox 107 4017 172 4115; x_wconf 83' lang='lat' dir='ltr'><strong>qui</strong></span> <span class='ocrx_word' id='word_1_270' title='bbox 196 4014 394 4092; x_wconf 90' lang='lat' dir='ltr'><strong>catholicos</strong></span> <span class='ocrx_word' id='word_1_271' title='bbox 426 4017 472 4090; x_wconf 91' lang='lat' dir='ltr'><strong>ad</strong></span> <span class='ocrx_word' id='word_1_272' title='bbox 498 4014 536 4089; x_wconf 91' lang='lat' dir='ltr'><strong>id</strong></span> <span class='ocrx_word' id='word_1_273' title='bbox 559 4026 700 4088; x_wconf 88' lang='lat' dir='ltr'><strong>armata</strong></span> <span class='ocrx_word' id='word_1_274' title='bbox 724 4034 835 4088; x_wconf 87' lang='lat' dir='ltr'><strong>mann</strong></span> <span class='ocrx_word' id='word_1_275' title='bbox 858 4012 1075 4105; x_wconf 82' lang='lat' dir='ltr'><strong>adegerunt.</strong></span> <span class='ocrx_word' id='word_1_276' title='bbox 1112 4035 1160 4086; x_wconf 87' lang='lat' dir='ltr'><strong>ex</strong></span> <span class='ocrx_word' id='word_1_277' title='bbox 1185 4011 1337 4104; x_wconf 87' lang='lat' dir='ltr'><strong>irnperio</strong></span> <span class='ocrx_word' id='word_1_278' title='bbox 1362 4014 1481 4113; x_wconf 85' lang='lat' dir='ltr'><strong>Dngla</strong></span> <span class='ocrx_word' id='word_1_279' title='bbox 1504 4019 1530 4090; x_wconf 87' lang='lat' dir='ltr'><strong>n&#39;</strong></span> <span class='ocrx_word' id='word_1_280' title='bbox 1554 4015 1743 4093; x_wconf 82' lang='lat' dir='ltr'><strong>Generalis·</strong></span> 
     </span>
    </p>
   </div>
   <div class='ocr_carea' id='block_1_14' title="bbox 100 4120 1963 4238">
    <p class='ocr_par' dir='ltr' id='par_1_14' title="bbox 100 4120 1963 4238">
     <span class='ocr_line' id='line_1_29' title="bbox 100 4120 1963 4238; baseline 0.003 -28"><span class='ocrx_word' id='word_1_281' title='bbox 100 4136 168 4236; x_wconf 81' lang='lat' dir='ltr'><strong>sni.</strong></span> <span class='ocrx_word' id='word_1_282' title='bbox 240 4133 313 4219; x_wconf 91' lang='lat' dir='ltr'><strong>Qui</strong></span> <span class='ocrx_word' id='word_1_283' title='bbox 339 4148 461 4209; x_wconf 87' lang='lat' dir='ltr'><strong>tamen</strong></span> <span class='ocrx_word' id='word_1_284' title='bbox 486 4155 530 4206; x_wconf 87' lang='lat' dir='ltr'><strong>ea</strong></span> <span class='ocrx_word' id='word_1_285' title='bbox 561 4133 668 4218; x_wconf 89' lang='lat' dir='ltr'><strong>bora,</strong></span> <span class='ocrx_word' id='word_1_286' title='bbox 705 4153 777 4226; x_wconf 88' lang='lat' dir='ltr'><strong>qua</strong></span> <span class='ocrx_word' id='word_1_287' title='bbox 810 4129 989 4226; x_wconf 82' lang='lat' dir='ltr'><strong>nefarium</strong></span> <span class='ocrx_word' id='word_1_288' title='bbox 1020 4130 1207 4226; x_wconf 79' lang='lat' dir='ltr'><strong>hocopus</strong></span> <span class='ocrx_word' id='word_1_289' title='bbox 1232 4130 1536 4217; x_wconf 83' lang='lat' dir='ltr'><strong>inchoatnmell.</strong></span> <span class='ocrx_word' id='word_1_290' title='bbox 1574 4137 1743 4213; x_wconf 89' lang='lat' dir='ltr'><strong>laethali·</strong></span> <span class='ocrx_word' id='word_1_291' title='bbox 1784 4213 1805 4238; x_wconf 31' lang='lat'><strong>,³</strong></span> <span class='ocrx_word' id='word_1_292' title='bbox 1958 4120 1963 4129; x_wconf 42' lang='lat'>⁸</span> 
     </span>
    </p>
   </div>
   <div class='ocr_carea' id='block_1_15' title="bbox 108 4249 1668 4350">
    <p class='ocr_par' dir='ltr' id='par_1_15' title="bbox 108 4249 1668 4350">
     <span class='ocr_line' id='line_1_30' title="bbox 108 4249 1668 4350; baseline 0.001 -19"><span class='ocrx_word' id='word_1_293' title='bbox 108 4254 235 4333; x_wconf 88' lang='lat' dir='ltr'><strong>morbo</strong></span> <span class='ocrx_word' id='word_1_294' title='bbox 260 4271 444 4350; x_wconf 80' lang='lat' dir='ltr'><strong>correptus</strong></span> <span class='ocrx_word' id='word_1_295' title='bbox 469 4266 653 4347; x_wconf 85' lang='lat' dir='ltr'><strong>aegrotare</strong></span> <span class='ocrx_word' id='word_1_296' title='bbox 676 4250 817 4350; x_wconf 87' lang='lat' dir='ltr'><strong>coepit,</strong></span> <span class='ocrx_word' id='word_1_297' title='bbox 854 4250 1024 4344; x_wconf 86' lang='lat' dir='ltr'><strong>exigente</strong></span> <span class='ocrx_word' id='word_1_298' title='bbox 1049 4249 1172 4348; x_wconf 81' lang='lat' dir='ltr'><strong>vtique</strong></span> <span class='ocrx_word' id='word_1_299' title='bbox 1193 4273 1329 4347; x_wconf 85' lang='lat' dir='ltr'><strong>paenas</strong></span> <span class='ocrx_word' id='word_1_300' title='bbox 1349 4254 1476 4328; x_wconf 87' lang='lat' dir='ltr'><strong>diuino</strong></span> <span class='ocrx_word' id='word_1_301' title='bbox 1497 4257 1668 4334; x_wconf 86' lang='lat' dir='ltr'><strong>Numine.</strong></span> 
     </span>
    </p>
   </div>
   <div class='ocr_carea' id='block_1_16' title="bbox 109 4471 1730 4870">
    <p class='ocr_par' dir='ltr' id='par_1_16' title="bbox 109 4471 1729 4831">
     <span class='ocr_line' id='line_1_31' title="bbox 205 4471 1728 4591; baseline 0.005 -26"><span class='ocrx_word' id='word_1_302' title='bbox 205 4519 264 4588; x_wconf 82' lang='lat'><strong>30.</strong></span> <span class='ocrx_word' id='word_1_303' title='bbox 288 4491 388 4589; x_wconf 83' lang='lat' dir='ltr'><strong>Sept.</strong></span> <span class='ocrx_word' id='word_1_304' title='bbox 420 4471 538 4566; x_wconf 87' lang='lat' dir='ltr'><strong>Simul</strong></span> <span class='ocrx_word' id='word_1_305' title='bbox 562 4487 600 4565; x_wconf 73' lang='grc' dir='ltr'><strong>δι</strong></span> <span class='ocrx_word' id='word_1_306' title='bbox 624 4487 730 4566; x_wconf 82' lang='lat' dir='ltr'><strong>semel</strong></span> <span class='ocrx_word' id='word_1_307' title='bbox 754 4511 827 4565; x_wconf 85' lang='lat' dir='ltr'><strong>vno</strong></span> <span class='ocrx_word' id='word_1_308' title='bbox 851 4489 1055 4585; x_wconf 86' lang='lat' dir='ltr'><strong>eodemque</strong></span> <span class='ocrx_word' id='word_1_309' title='bbox 1080 4486 1139 4563; x_wconf 92' lang='lat' dir='ltr'><strong>die</strong></span> <span class='ocrx_word' id='word_1_310' title='bbox 1163 4489 1272 4585; x_wconf 84' lang='lat' dir='ltr'><strong>praes</strong></span> <span class='ocrx_word' id='word_1_311' title='bbox 1262 4488 1410 4566; x_wconf 84' lang='lat' dir='ltr'><strong>dranus</strong></span> <span class='ocrx_word' id='word_1_312' title='bbox 1435 4490 1541 4570; x_wconf 86' lang='lat' dir='ltr'><strong>miles</strong></span> <span class='ocrx_word' id='word_1_313' title='bbox 1567 4493 1728 4591; x_wconf 83' lang='lat' dir='ltr'><strong>suecicns</strong></span> 
     </span>
     <span class='ocr_line' id='line_1_32' title="bbox 109 4584 1730 4710; baseline 0.002 -23"><span class='ocrx_word' id='word_1_314' title='bbox 109 4612 368 4688; x_wconf 81' lang='lat' dir='ltr'><strong>eciuitatibus</strong></span> <span class='ocrx_word' id='word_1_315' title='bbox 392 4607 556 4698; x_wconf 69' lang='lat' dir='ltr'><strong>Lindon,</strong></span> <span class='ocrx_word' id='word_1_316' title='bbox 600 4607 642 4685; x_wconf 89' lang='lat' dir='ltr'><em>V</em></span> <span class='ocrx_word' id='word_1_317' title='bbox 636 4606 720 4684; x_wconf 83' lang='lat' dir='ltr'><strong>bar</strong></span> <span class='ocrx_word' id='word_1_318' title='bbox 706 4634 821 4707; x_wconf 78' lang='lat' dir='ltr'><strong>rogen,</strong></span> <span class='ocrx_word' id='word_1_319' title='bbox 861 4607 1102 4706; x_wconf 82' lang='lat' dir='ltr'><strong>Memmirrg&#39;en,</strong></span> <span class='ocrx_word' id='word_1_320' title='bbox 1144 4584 1406 4710; x_wconf 79' lang='lat' dir='ltr'><strong>Larrgerrnrgerr‚</strong></span> <span class='ocrx_word' id='word_1_321' title='bbox 1443 4611 1610 4709; x_wconf 77' lang='lat' dir='ltr'><strong>Mapnaw</strong></span> <span class='ocrx_word' id='word_1_322' title='bbox 1633 4615 1730 4692; x_wconf 83' lang='lat' dir='ltr'><strong>allis·</strong></span> 
     </span>
     <span class='ocr_line' id='line_1_33' title="bbox 109 4709 1729 4870; baseline 0.003 -63"><span class='ocrx_word' id='word_1_323' title='bbox 109 4755 180 4870; x_wconf 84' lang='lat' dir='ltr'><strong>que</strong></span> <span class='ocrx_word' id='word_1_324' title='bbox 200 4731 290 4809; x_wconf 90' lang='lat' dir='ltr'><strong>locis</strong></span> <span class='ocrx_word' id='word_1_325' title='bbox 316 4709 490 4809; x_wconf 80' lang='lat' dir='ltr'><strong>abduttus</strong></span> <span class='ocrx_word' id='word_1_326' title='bbox 518 4727 579 4806; x_wconf 86' lang='lat' dir='ltr'><strong>est.</strong></span> <span class='ocrx_word' id='word_1_327' title='bbox 656 4726 766 4804; x_wconf 88' lang='lat' dir='ltr'><strong>Hinc</strong></span> <span class='ocrx_word' id='word_1_328' title='bbox 788 4726 910 4828; x_wconf 89' lang='lat' dir='ltr'><strong>aliqua</strong></span> <span class='ocrx_word' id='word_1_329' title='bbox 941 4725 1185 4836; x_wconf 80' lang='lat' dir='ltr'><strong>finiendarum</strong></span> <span class='ocrx_word' id='word_1_330' title='bbox 1221 4731 1371 4808; x_wconf 85' lang='lat' dir='ltr'><strong>tandem</strong></span> <span class='ocrx_word' id='word_1_331' title='bbox 1400 4732 1621 4810; x_wconf 78' lang='lat' dir='ltr'><strong>miseriarum</strong></span> <span class='ocrx_word' id='word_1_332' title='bbox 1651 4736 1729 4831; x_wconf 84' lang='lat' dir='ltr'><strong>spen</strong></span> 
     </span>
    </p>
   </div>
   <div class='ocr_carea' id='block_1_17' title="bbox 903 4841 1729 4943">
    <p class='ocr_par' dir='ltr' id='par_1_17' title="bbox 903 4841 1729 4943">
     <span class='ocr_line' id='line_1_34' title="bbox 903 4841 1729 4943; baseline -0.011 0"><span class='ocrx_word' id='word_1_333' title='bbox 903 4841 1054 4943; x_wconf 77' lang='lat' dir='ltr'><strong>Pras</strong></span> <span class='ocrx_word' id='word_1_334' title='bbox 1629 4854 1729 4934; x_wconf 77' lang='lat' dir='ltr'><strong>aaa</strong></span> 
     </span>
    </p>
   </div>
   <div class='ocr_carea' id='block_1_18' title="bbox 0 0 2150 5670">
    <p class='ocr_par' dir='ltr' id='par_1_18' title="bbox 0 0 2150 5670">
     <span class='ocr_line' id='line_1_35' title="bbox 0 0 2150 5670; baseline 0 0"><span class='ocrx_word' id='word_1_335' title='bbox 0 0 2150 5670; x_wconf 95' lang='lat' dir='ltr'><strong> </strong></span> 
     </span>
    </p>
   </div>
  </div>
 </body>
</html>
