4276 5670
258 373 327 452 ιιι
843 365 1275 459 *mmo*

252 541 394 639 juribus
427 542 467 621 dr
505 538 787 620 obuentionibuc
821 540 992 620 uniuersis
1032 536 1172 638 integre
1204 540 1420 642 responderi.
1496 538 1533 617 A
1566 536 1762 615 Conuentu
1792 554 1883 616 tero

253 660 455 758 praedisto,
497 673 605 758 prout
629 660 676 735 ad
700 640 967 739 commendam
992 657 1183 755 Ejusmodi
1208 661 1387 759 pertinere
1410 656 1665 754 cognouerint,
1707 655 1881 738 obedien·

254 777 345 857 tiam
369 781 408 856 de
431 779 674 855 reuerentiam
697 764 956 874 congruentes,
1005 780 1158 857 Necnon
1182 802 1204 853 a
1229 780 1368 857 dileslie
1393 779 1493 863 filus,
1530 776 1698 858 Vnsallis.
1735 777 1773 855 dr
1797 773 1881 851 aliie
1910 804 1919 820 ·

253 896 404 975 subditis
428 897 514 974 diui
546 896 754 974 Monallerii
788 897 826 973 in
859 895 1102 1000 Weingnrten·
1121 899 1290 974 consueta
1320 898 1462 974 seruitia
1493 896 1539 972 ab
1573 893 1627 970 eis
1660 894 1729 972 tibi
1755 893 1881 976 debita

251 1015 392 1110 integre
415 1015 628 1114 responderi
702 1016 996 1111 Contradiltoree
1034 1017 1314 1115 percensuram
1342 1013 1612 1090 eoolefinllicam
1637 1010 1881 1111 appellatione

251 1133 458 1232 postposita,
500 1135 779 1231 compescendo,
822 1135 1139 1227 nonobstantibus
1163 1135 1489 1212 Conllitutionilius
1513 1133 1553 1209 dt
1578 1130 1880 1213 ordinationibus

252 1251 490 1351 Apostolicis,
528 1277 596 1328 nec
621 1277 696 1329 nou
720 1253 863 1329 statutis
886 1253 924 1331 dt
949 1254 1264 1332 consuetudinibus
1288 1252 1493 1332 lllonasterii
1514 1252 1553 1327 in
1582 1250 1814 1345 weingarten
1838 1249 1881 1328 dc

255 1370 402 1449 Ordinis
424 1370 708 1468 praeditloruun,
749 1371 867 1448 etiam
885 1372 1109 1468 iuramento,
1148 1372 1433 1461 Confirmatipne
1458 1370 1698 1470 apostolica„
1727 1366 1783 1453 vel
1806 1366 1879 1443 ulio

249 1490 380 1591 quouis
405 1488 576 1567 firmitate
599 1491 775 1583 roboratio
800 1495 1000 1573 contrariis·
1013 1494 1302 1592 quibuscunque
1363 1491 1451 1576 ,Aut
1473 1492 1499 1567 s1
1523 1488 1743 1575 Ccinue'ntui¹
1757 1484 1880 1571 vasal-

245 1609 296 1709 lis
314 1609 360 1687 dr
383 1609 462 1687 aliis
487 1608 636 1714 subditis
669 1610 877 1708 praedictio,
925 1612 983 1688 vel
1008 1613 1285 1711 quibuscunque
1316 1611 1395 1689 aliis
1420 1609 1663 1693 communiter
1695 1607 1752 1687 vel
1781 1605 1879 1683 diul-

248 1725 313 1805 fim
338 1751 360 1802 a
383 1728 476 1805 dina
501 1727 542 1804 stt
567 1729 648 1804 sede
670 1729 874 1815 indultum,
914 1733 1010 1828 quod
1036 1730 1224 1814 interdici,
1264 1729 1441 1826 suspendi,
1486 1729 1544 1807 vel
1567 1724 1878 1804 excommunicari

249 1869 323 1924 uon
349 1847 476 1944 poliunt
500 1870 563 1943 pet
586 1846 727 1923 litteras
753 1848 982 1945 apostolicas,
1020 1874 1095 1925 non
1126 1849 1303 1924 facientes
1332 1847 1476 1944 plenam
1509 1847 1548 1924 dr
1573 1838 1790 1941 expressam.
1832 1869 1880 1927 au

241 1965 310 2049 ‚de
323 1967 432 2041 verbo
458 1966 677 2044 adverbum
700 1962 748 2042 de
772 1967 917 2048 ludulto
942 1966 1123 2064 ejusmodi
1148 1968 1396 2050 mentionem,
1431 1964 1578 2060 Rrouilo
1603 1965 1701 2062 quod
1732 1977 1880 2064 propter
1912 2039 1917 2046 ,

189 2083 194 2089 ’
240 2082 516 2171 ,Οοιιιιιιειιᾶιιιι
541 2085 722 2182 ejusmodi
746 2085 782 2160 in
810 2086 972 2184 praefato
997 2086 1215 2166 Monasterio
1239 2084 1277 2161 in
1304 2084 1538 2178 weingarten
1558 2081 1713 2161 diuinus
1736 2083 1876 2171 culture.

118 2190 121 2195 ’
243 2193 289 2293 ‚u
312 2199 433 2276 solitus
459 2199 722 2281 Monachorum
748 2207 785 2284 dc
812 2205 1052 2282 ministrorum
1076 2226 1252 2281 numerus
1278 2203 1486 2281 nullatenus
1510 2200 1715 2290 minuatur,
1746 2202 1808 2278 sed
1831 2203 1878 2279 il-

210 2319 320 2416 ,lim
358 2341 400 2393 ac
436 2317 651 2396 conuentus
691 2326 953 2420 praedictorum
996 2347 1155 2420 congrue
1207 2323 1456 2419 supportentur
1496 2342 1607 2415 onera
1644 2331 1731 2395 unte
1768 2322 1877 2399 dista.

249 2437 349 2516 Nulli
375 2456 459 2530 ergo
484 2436 632 2512 omnino
658 2438 851 2519 hominum
872 2444 981 2519 liceat
1004 2441 1101 2518 hanc
1123 2441 1292 2538 paginam
1316 2440 1455 2518 nostrae
1476 2438 1746 2524 Commendae.
1776 2437 1879 2515 Con·

249 2554 495 2635 stitutionum.
536 2552 576 2630 dr
607 2555 864 2640 Mandatornm
894 2559 1108 2657 infringere,
1146 2558 1205 2637 vel
1234 2561 1322 2636 ausu
1345 2556 1538 2637 temerario
1567 2555 1758 2632 contraire.
1831 2555 1877 2633 Sl

252 2673 334 2775 quis
359 2683 482 2746 autem
507 2671 577 2746 hoc
603 2685 820 2769 attemptare
842 2665 1112 2776 praesumpserit
1134 2677 1426 2772 indignationem
1448 2673 1710 2772 omnipotentis
1734 2672 1805 2748 Dei
1836 2673 1879 2753 dt

97 2887 100 2894 Ι
257 2795 447 2879 beatorum
479 2789 578 2864 Petri
614 2794 652 2869 dr
682 2790 783 2868 Pauli
815 2788 1068 2891 Apostolorum
1099 2794 1180 2888 ejus
1208 2797 1243 2872 se
1274 2795 1417 2881 nouerit
1437 2793 1673 2873 incursurum
1734 2791 1878 2871 Datum

230 2908 392 2987 'Romae
430 2908 526 3004 apud
561 2910 602 2985 S.
639 2912 787 2986 Petrum
831 2910 942 2987 Auno
987 2908 1249 2987 lncamntionis
1291 2911 1506 2988 Dominicae
1544 2911 1670 2987 Milies
1660 2934 1734 2987 mo
1774 2913 1878 2997 Qua·

251 3024 529 3262 dringeptesrmo
568 3027 823 3125 septuagesimo
868 3027 1032 3127 septimo.
1073 3041 1203 3127 quarto
1238 3029 1334 3107 Non.
1373 3029 1458 3128 Juui
1493 3030 1731 3109 Pontificatuc
1764 3029 1878 3111 nostrl

252 3171 349 3241 anno
388 3156 474 3222 exto
1157 3202 1160 3208 .
1768 3196 1771 3203 -
1821 3200 1825 3205 -

248 3470 258 3480 ·
351 3426 449 3513 Quid
474 3423 631 3521 ageret?
618 3446 656 3499 ιιι
695 3421 810 3500 tantis
841 3421 1026 3518 Angulliic
1056 3429 1272 3508 constitutus
1310 3424 1463 3507 Abbati
1513 3431 1769 3529 Imperatorem
1789 3428 1878 3519 Me*

251 3547 376 3641 ιιιβιιιῖ
396 3542 636 3619 Annam
624 3566 661 3617 m
686 3540 877 3618 subsidium
902 3541 1066 3631 uocauit,
1103 3553 1166 3638 qul
1198 3552 1386 3649 sequentes
1418 3550 1465 3625 nd
1501 3552 1732 3644 Sigrmmndum
1755 3549 1890 3671 Arcip-

251 3669 354 3744 mrem
379 3664 536 3739 Litterae
556 3658 767 3758 perscripsit:
802 3660 885 3738 Wir
910 3660 1038 3737 Friede
1039 3660 1116 3737 rich
1141 3682 1214 3738 von
1239 3679 1341 3756 gotes
1366 3670 1508 3766 gnaden
1530 3668 1682 3746 Roemis
1664 3671 1762 3748 soher
1775 3673 1876 3770 Kep-

251 3785 305 3862 ser
332 3805 383 3860 en
408 3781 515 3858 allen
554 3776 682 3855 Zeiten
721 3780 842 3856 Meter
884 3782 951 3857 des
991 3756 1145 3866 Reichm
1187 3803 1235 3857 zu
1267 3778 1457 3875 Hungern,
1494 3788 1877 3879 Dalmatien‚c102·-

249 3904 326 3981 tien
360 3900 503 3995 Koenig
527 3908 599 3976 etc
673 3896 868 3974 Entbieten
910 3902 1017 3977 dem
1032 3897 1338 3995 hochgebohrnen
1381 3895 1637 3992 sigismunde„
1672 3908 1875 3986 nahem.

248 4044 320 4120 gen
353 4042 403 4097 zu
432 4016 657 4095 oesterreich
673 4026 744 4095 etc.
777 4016 950 4096 Vnserem
972 4017 1092 4096 lieben
1116 4018 1246 4099 Vetter
1268 4016 1342 4096 und
1367 4012 1516 4093 Fursten
1540 4017 1649 4106 linter
1671 4029 1768 4127 guad
1794 4029 1876 4106 und

250 4141 339 4219 allec
362 4147 437 4235 gut.

344 4326 625 4425 Hochgeborner
648 4323 759 4405 lieber
783 4326 913 4407 Vetter
936 4327 1011 4406 und
1035 4325 1138 4406 euru
1160 4324 1240 4405 Vns
1261 4324 1305 4404 ist
1329 4323 1539 4422 urgelangt,
1562 4324 1634 4405 wie
1659 4324 1724 4404 der
1747 4323 1874 4417 Cuni-

81 4506 83 4510 ‚
248 4448 308 4526 nal
332 4446 559 4546 Tyraionens
585 4445 645 4523 die
674 4447 824 4544 Abbtey
850 4470 897 4522 zu
924 4447 1217 4543 Weingartten,
1234 4444 1295 4521 die
1327 4469 1367 4521 on
1397 4452 1496 4523 mutel
1520 4447 1618 4521 under
1643 4469 1705 4522 unr
1727 4450 1794 4523 aud
1808 4430 1878 4527 dar

249 4567 343 4664 inilig
367 4560 466 4644 Reici
487 4560 629 4662 gestiret,
661 4567 726 4640 ond
749 4589 811 4641 uon
834 4565 944 4661 onsnn
971 4560 1144 4658 anairen
1172 4568 1237 4639 ond
1267 4565 1333 4638 Vns
1376 4585 1471 4638 vou
1507 4587 1593 4640 nee
1632 4587 1876 4645 unnntoeu

250 4709 416 4766 nereus
450 4705 616 4766 tueoeu
641 4683 810 4782 Hernogen
839 4707 882 4759 zu
908 4679 1096 4785 Oellerrelcir
1124 4708 1169 4761 zu
1188 4677 1344 4783 schinum
1368 4689 1501 4761 tantm
1523 4687 1579 4789 β
1620 4707 1691 4765 ton
1723 4686 1878 4783 Vestem

1764 4805 1876 4887 haili-
