4276 5670
845 376 1266 471 semema*
1391 481 1394 487 ¹
1552 394 1560 407 ³
1823 381 1910 468 sl·
2031 441 2035 447 -

244 572 386 653 cenobii
423 570 483 650 l'eu
514 564 708 666 quisquam
741 558 939 657 prepolrtus
968 553 1159 633 memorati
1193 549 1262 625 loci
1303 545 1413 643 buius
1443 542 1557 642 scripti
1593 542 1896 625 stabilimentum

244 690 449 787 transgredi
478 702 544 764 aut
567 684 761 776 infringere
786 676 1002 760 tentauerit‚
1038 673 1247 751 Anathema
1275 668 1336 753 it,
1372 665 1463 742 falia
1489 667 1538 740 est
1565 666 1655 740 haec
1683 666 1901 775 confirma-¹
2014 772 2018 780 Ι

236 814 300 889 no
329 784 429 887 anna
458 804 651 881 Dorniniee
680 801 859 877 incarnat.
895 792 1078 872 ucuxx.
1116 791 1237 866 inula.
1264 787 1319 863 ur.
1386 784 1444 859 ux
1480 785 1719 882 antiquane
1747 778 1893 893 urnae

249 935 357 1021 Libro
379 924 546 1012 Holensr,
571 925 631 999 cui
652 921 764 995 etiam
790 914 1048 1005 calendarium
1081 909 1279 1010 praefixum
1311 903 1381 991 eli,
1421 927 1468 976 ex
1490 926 1562 1001 quo
1587 896 1796 1002 Geneal'agiam
1818 913 1875 982 co-

251 1062 359 1129 utun
380 1041 658 1138 Ballornrufium
687 1038 801 1114 tantis
828 1036 923 1112 votis
949 1035 993 1108 ab
1017 1028 1233 1107 Auttoribus
1257 1023 1350 1117 Orig.
1376 1021 1493 1096 Guell.
1515 1024 1731 1119 expetitam,
1756 1025 1877 1102 redin-

253 1156 473 1268 tegrabimus
494 1161 698 1262 aliquando.
773 1157 917 1233 Annos·
934 1150 1156 1228 Praelulatus
1187 1146 1278 1220 vltra
1305 1165 1440 1216 annum
1468 1155 1568 1222 1180.
1601 1145 1806 1240 protraxisse
1830 1170 1877 1223 ex
1943 1226 1946 1231 ,

258 1290 358 1371 diliis
381 1287 537 1366 videtur.
561 1349 568 1357 .
584 1279 696 1357 Diem
710 1275 881 1355 altimum
897 1273 1027 1349 habuit
1044 1271 1083 1347 ll
1109 1270 1194 1345 Idus
1216 1265 1354 1380 (litobr.
1370 1261 1430 1337 seu
1449 1284 1505 1360 14.
1523 1260 1687 1356 ejusdem
1703 1264 1849 1343 Mensis.
1889 1372 1894 1404 ι

433 1675 438 1682 .
593 1523 1140 1674 manvn'uuvs
1197 1551 1540 1659 auuasx.
1656 1494 1660 1501 ’

260 1784 264 1791 ’
356 1782 594 1876 Summopere
619 1773 898 1851 commendatur
926 1771 987 1848 hic
1014 1767 1080 1847 Vir
1108 1752 1191 1841 curn
1219 1787 1240 1838 a
1270 1762 1533 1860 catalograplro
1569 1776 1648 1842 tum
1671 1763 1783 1844 etiam
1810 1770 1884 1848 Ne-
1934 1834 1939 1842 .

276 1903 406 1998 orologo
434 1898 574 1975 nostris.
649 1898 819 1969 Camerarii
847 1912 982 1968 munus
1013 1884 1276 1963 studiofiffimus
1312 1882 1372 1956 hic
1409 1883 1612 1959 Monachus
1644 1887 1768 1963 diu&
1799 1912 1901 1979 cum,

278 2028 410 2100 foenore
437 2018 557 2114 gelbt‚
595 2016 666 2092 hoc
696 2025 819 2089 autem
849 2010 960 2088 officii
997 2004 1183 2086 monastici
1224 2024 1340 2107 genus
1375 2002 1411 2075 in
1449 2004 1556 2078 Libro
1584 2004 1729 2082 Ordinis
1757 2007 1793 2082 S.
1823 2008 1888 2085 lli·

283 2142 373 2220 boris
400 2134 595 2241 parifiensrs
623 2134 676 2208 ita
698 2126 927 2208 describitur:
970 2125 1027 2204 Aa
1057 2125 1183 2219 offiium
1210 2126 1377 2196 camerarii
1406 2130 1558 2217 pertinent
1587 2150 1690 2202 omnes
1720 2132 1822 2227 cinstls
1846 2131 1889 2218 (μ’

284 2266 384 2334 reditur
408 2254 594 2346 Momllerii
606 2250 673 2346 siue
699 2256 736 2325 de
765 2253 870 2338 Vilis,
885 2249 953 2344 fiae
972 2254 1009 2326 de
1033 2241 1229 2335 tartessia
1251 2246 1289 2319 de
1313 2241 1524 2333 Molendinir,
1551 2242 1619 2336 stur
1646 2252 1682 2323 aa
1704 2257 1777 2327 allis
1800 2256 1890 2323 ream
2050 2230 2052 2234 ’

286 2381 463 2475 quibuslibet,
502 2384 541 2448 ot
562 2372 621 2470 ipse
643 2380 774 2468 tenpore
798 2373 915 2472 statum
940 2376 1099 2467 perquirat
1122 2365 1165 2451 δ’
1189 2367 1335 2459 recipiat,
1374 2363 1471 2458 apud
1504 2364 1555 2440 du
1579 2363 1714 2447 Fresne
1743 2368 1890 2459 Gloliar.
1976 2442 1982 2451 .

288 2497 367 2576 lli
391 2519 427 2596 p.
446 2508 507 2588 38.
558 2491 732 2566 Maximis
756 2484 844 2578 luis,
870 2477 963 2588 quae
986 2489 1057 2563 boc
1083 2504 1234 2559 munere
1255 2480 1520 2565 cumulauerat.
1555 2486 1697 2564 Meritis
1722 2493 1763 2566 ud
1789 2493 1893 2568 Aula·

288 2624 352 2691 im
365 2623 523 2715 praelatus
546 2614 607 2713 rfl,
619 2610 676 2707 sed
694 2613 796 2710 postea
820 2608 967 2704 depufitus
987 2615 1110 2704 qrrieuit.
1168 2604 1270 2686 Quae
1292 2603 1399 2679 verba
1422 2603 1601 2704 scriptoris
1626 2609 1735 2686 nostri
1759 2609 1806 2686 fic
1838 2611 1896 2688 in·

290 2747 467 2834 terpretor,
503 2755 588 2806 eum
613 2729 767 2828 elelium
793 2729 940 2826 quidem
963 2727 1080 2808 fuille4
1116 2734 1155 2799 vt
1186 2721 1310 2798 nubas
1336 2723 1454 2811 lieret,
1498 2727 1556 2801 sed
1579 2729 1698 2825 postea
1721 2755 1809 2807 mox
1833 2734 1897 2809 da·

291 2855 506 2955 prehensum,
543 2849 659 2947 ipsum
684 2871 749 2945 per
774 2848 993 2926 seneliutem
1021 2843 1328 2941 repuerascentem
1364 2845 1423 2937 (vt
1444 2845 1592 2942 quidem
1611 2848 1721 2925 nostri
1747 2853 1898 2939 adnota-

243 3062 247 3067 .
291 2974 391 3073 runt)
413 2971 502 3048 huic
522 2969 614 3043 haut
635 2981 761 3064 aptum
782 2966 850 3044 elle
875 2967 1034 3051 muneri,
1066 2965 1222 3060 ideoque
1250 2962 1355 3037 facile
1380 2964 1523 3039 conblio
1556 2967 1721 3045 Fratrum
1750 2972 1899 3066 adquie·
1997 2983 1999 2987 ’
2042 3062 2045 3067 ¹

292 3091 370 3171 ville.
437 3085 688 3184 Sane‘proprii
714 3086 883 3162 Nominis
912 3087 1093 3164 Abbatem
1120 3083 1214 3158 Eum
1246 3105 1445 3181 numquam
1478 3085 1576 3161 suilie
1612 3088 1808 3186 colligitur,
1853 3117 1901 3169 ex

295 3207 505 3305 Necrologlis'
532 3203 762 3286 Zwisuldensr
794 3205 833 3282 dc
860 3205 998 3294 nostro,
1034 3205 1165 3303 quibus
1195 3199 1342 3279 Manli
1368 3214 1513 3280 tantum
1536 3206 1574 3283 dr
1598 3210 1783 3298 Canenti,
1826 3236 1900 3291 non

295 3342 403 3409 aulem
425 3326 565 3407 Albulis
589 3326 734 3401 Nomen
765 3325 860 3401 tulit.
901 3354 933 3402 2.
959 3324 1120 3434 Oltobris
1145 3323 1182 3397 in
1209 3330 1360 3419 viroque
1381 3325 1577 3421 adscriptus
1598 3327 1745 3423 legiteu,
1780 3330 1818 3408 in
1837 3356 1905 3410 no·
2006 3350 2009 3359 ·

295 3432 354 3529 iro
372 3450 465 3526 haec
487 3457 680 3522 notantur:
708 3445 922 3542 Murprerdur
949 3448 1142 3521 Camerarius
1167 3467 1198 3518 n.
1221 3467 1248 3515 r.
1273 3467 1315 3516 m.
1336 3450 1427 3538 plura
1449 3451 1585 3522 redemit.
1614 3492 1661 3507 -
1691 3453 1808 3548 insuper
1830 3460 1905 3531 carr.
2033 3535 2035 3539 Α

285 3594 348 3663 Ιιιιιι
369 3590 495 3647 aureum
519 3567 619 3649 dedit,
664 3564 707 3651 i?
728 3566 887 3660 sumptum
917 3590 1034 3640 ommia
1069 3558 1258 3668 Surroplragi
1291 3569 1416 3660 majoris
1441 3576 1511 3641 etc.
1587 3569 1655 3647 libi
1688 3572 1907 3671 sarcophagi

297 3690 459 3785 Nomine,
474 3682 575 3789 uenit
598 3681 711 3779 Capsa
735 3683 950 3785 Sauttorum
973 3684 1132 3783 reliquiis
1164 3683 1346 3765 seruandis
1376 3696 1508 3783 aptata.
1559 3687 1642 3765 Hoc
1662 3690 1758 3770 sensu
1789 3696 1908 3773 scribit

297 3808 497 3888 Dietmarus
525 3801 568 3879 L.
584 3808 618 3880 6.
643 3826 677 3900 p.
696 3812 753 3900 78.
787 3804 882 3900 apud
908 3806 957 3879 du
981 3804 1116 3880 Fresne
1145 3805 1175 3877 T
1176 3827 1247 3885 om.
1268 3804 1327 3880 lli
1355 3805 1499 3893 Gloria,
1551 3808 1778 3910 Sarroplragum
1802 3826 1907 3913 ingen.

297 3940 349 4011 trra
371 3931 413 4004 ud
436 3924 630 4003 ieiunius
656 3924 837 3998 Saeuum
862 3930 1005 4019 reliquiar
1030 3928 1066 3999 de
1090 3935 1214 4018 urgento
1229 3923 1321 4016 feeit.

385 4161 461 4241 Nisi
489 4158 612 4247 fallor,
644 4156 676 4234 is
701 4159 772 4258 ipse
794 4160 861 4248 eli,
903 4160 965 4260 qui
995 4162 1195 4240 etiamnum
1225 4161 1321 4240 inter
1352 4165 1504 4244 Cimolia
1528 4109 1912 4268 semat11l‚''gemmis.
1992 4130 1997 4135 .

301 4282 512 4379 laminisque
540 4281 661 4355 aureis
689 4280 782 4356 miro
808 4281 961 4357 artifieio
993 4282 1204 4370 elaboratis,
1240 4283 1422 4382 lapidibus
1443 4288 1585 4390 insuper
1601 4294 1776 4389 'pretiofis
1803 4295 1915 4372 etiam

302 4400 452 4499 sigillatis
472 4397 676 4493 effulgens,
699 4413 819 4497 'quem
845 4399 1020 4478 hattenus
1051 4401 1318 4481 credideramus
1347 4406 1415 4481 elle
1445 4413 1593 4504 Capellam
1621 4410 1719 4489 illam
1743 4411 1915 4512 Juditlue,

207 4594 212 4603 ,
305 4527 436 4621 deque
458 4518 700 4594 Monumenta
737 4519 864 4594 nostra
938 4523 1122 4606 Quamdiu
1147 4523 1261 4601 vitam
1288 4527 1520 4622 protraxerit,
1561 4531 1619 4609 vel
1646 4555 1718 4632 quo
1739 4534 1852 4613 Anno
1874 4535 1916 4612 it
2042 4610 2045 4615 ,

307 4652 482 4729 manuus,
506 4658 591 4713 cum
611 4636 902 4733 ignorantiffimis
930 4641 1066 4738 ignoro.

1140 4849 1181 4938 H
1301 4838 1307 4857 '
1714 4871 1923 4953 wreu-
