4276 5670
2 468 5 475 Ι
252 362 301 439 so
524 342 528 351 ’
863 364 1282 460 *emmane*
1351 411 1361 419 -

256 531 545 622 „Monasteriurn
570 577 620 596 -
644 572 694 595 -··
719 537 1047 620 mnia-deuotionis
1073 543 1286 620 accesserint·
1307 582 1355 600 -
1387 584 1438 600 -
1469 540 1596 640 singuli
1621 543 1774 642 ingrdm
1795 569 1885 646 qna·

261 651 458 748 „draginta
476 654 641 757 'Dierum
667 656 930 752 indulgentias,
962 663 1130 743 dumodo
1164 663 1395 767 dioecesanus
1432 663 1481 737 ad
1504 663 1543 739 id
1579 663 1680 741 suum
1714 666 1886 762 praebeat

261 770 480 860 „assensum
514 771 791 853 misericorditer
822 775 859 850 in
889 777 1048 861 Domino
1072 780 1288 857 relaxamus.
1353 780 1394 856 in
1416 774 1524 876 'cujum
1556 780 1611 857 rei
1636 779 1884 861 testimouium

260 889 486 986 „praesentis
506 892 656 990 paginae
672 893 840 992 scriptum
855 895 1053 974 nostrorum
1074 898 1263 994 sigillorum
1283 898 1466 979 firmitatis
1486 898 1690 978 munimine
1710 900 1884 977 duximus

250 1009 547 1119 ...roborandum
621 1010 761 1090 Datum
785 1012 925 1090 Romae
947 1039 1044 1091 anno
1067 1021 1111 1094 ab
1141 1017 1318 1094 lncamat.
1347 1016 1499 1097 Domini
1516 1020 1571 1096 M.
1592 1018 1666 1094 CC.
1687 1019 1883 1098 mimis.

96 1152 102 1171 ¹
173 1209 176 1213 ,
213 1177 217 1194 .
267 1123 505 1210 pontificatus
530 1129 605 1206 Dni
631 1131 776 1210 Nicolai
800 1153 858 1230 pp.
883 1142 987 1231 quarti
1012 1160 1089 1213 amm
1115 1145 1238 1234 pm„

354 1362 426 1448 Qui
447 1387 507 1442 me
531 1369 623 1447 haec
650 1366 722 1447 srne
744 1368 846 1446 omni
874 1367 1031 1448 utilitate
1052 1370 1312 1471 transscripsrile
1336 1380 1487 1473 putant.
1530 1371 1574 1448 bi
1602 1370 1686 1449 saue
1707 1373 1883 1472 Antiqui·

261 1480 351 1571 tatis
380 1482 496 1561 studio
530 1489 696 1572 noudum
724 1488 858 1568 dedisse
884 1512 1032 1589 operam
1062 1494 1336 1573 conducuntur.
1411 1492 1487 1570 Sed
1515 1490 1595 1589 jam
1618 1493 1667 1570 ad
1697 1491 1883 1571 Herman-

5 1625 10 1634 ·
117 1625 120 1629 ·
261 1623 353 1681 num
375 1605 580 1687 redeamus.

159 1913 164 1921 .
358 1877 391 1947 3.
420 1849 514 1928 Anno
540 1850 670 1926 Domini
700 1867 804 1946 1270.
841 1849 979 1924 deliram
999 1848 1042 1941 cll
1075 1852 1193 1949 Capella
1214 1858 1248 1927 in
1270 1851 1474 1936 ornianus.
1515 1840 1678 1926 eninm
1700 1848 1881 1924 strenam

251 1973 404 2050 -Marrnr
434 1973 479 2058 ὃ
504 1971 663 2056 Osnrldr',
688 1968 777 2043 Fors
799 1969 844 2056 δ’
872 1969 1022 2042 amer
1043 1970 1105 2068 sul
1135 1972 1304 2047 Verrrrabr'lr‘
1333 1970 1573 2064 Dno‘Agrnorr'r
1596 1966 1786 2077 (Egnoue)
1817 1975 1881 2043 tri·

260 2096 381 2170 drntbro
405 2090 474 2189 Epo
496 2098 679 2186 pronrnrte
704 2087 748 2173 δ’
774 2096 879 2181 ogone
905 2087 1040 2161 Domino
1068 2092 1232 2164 enerabili
1257 2089 1438 2164 Hermororo
1459 2091 1498 2168 dr
1528 2086 1726 2181 Wrnegnten
1751 2095 1786 2180 a'rr
1807 2090 1879 2163 Ob.

260 2206 450 2312 Epr'pbmia.
496 2232 544 2284 ex
575 2207 655 2285 MS.
687 2205 849 2282 Coaeuo.
922 2206 983 2289 Ab
1013 2207 1145 2285 eodem
1176 2208 1351 2303 Egeuone
1391 2228 1460 2304 epo
1495 2204 1694 2282 tridentino
1730 2205 1880 2304 Capella

217 2357 220 2366 ·
246 2331 299 2410 Β.
321 2326 470 2425 Georgii
489 2327 529 2403 iu
558 2327 685 2402 Lenon
709 2324 923 2401 monasterio
944 2322 1063 2412 nostro
1087 2326 1335 2422 incorporatur
1359 2348 1457 2402 anno
1483 2348 1603 2437 ιαμ.Ὗ
1635 2325 1747 2402 Auno
1769 2338 1880 2408 1282.

262 2452 311 2528 ad
336 2443 541 2525 instantiam
572 2437 754 2518 Meshan·
787 2444 913 2516 ernam
939 2438 1054 2535 Tyrolr's
1084 2443 1232 2543 Capella
1271 2445 1309 2520 S.
1339 2443 1484 2539 Georgii
1519 2442 1701 2519 consertor
1731 2441 1879 2552 cuidam

108 2570 136 2597 ’·
261 2571 323 2647 suo
349 2565 517 2652 notario,
542 2559 589 2638 sic
612 2575 758 2647 tamen,
790 2571 830 2636 rt
849 2559 940 2633 haec
963 2558 1108 2637 collatio
1134 2587 1209 2640 non
1240 2561 1502 2661 praejudicen-
1535 2562 1593 2636 Ex
1623 2559 1705 2659 ipss
1726 2560 1879 2642 Litteris

260 2687 441 2784 Excerpta
471 2685 622 2760 damus:
666 2679 770 2767 „Nos
795 2672 1001 2752 bsernlaraus
1019 2665 1153 2776 'tyrolis
1178 2683 1216 2759 δι
1241 2681 1409 2759 Goriciae
1433 2679 1589 2768 Comes,
1628 2671 1888 2779 Aquilegiens.

184 2884 191 2889 .
261 2809 452 2900 „Trimnt
485 2805 525 2881 dr
550 2797 744 2879 Brixienbs
772 2796 987 2874 Aduocatus
1018 2840 1067 2856 --
1100 2843 1149 2904 5-
1181 2800 1409 2898 profitemur,
1453 2801 1551 2898 quod
1580 2822 1665 2874 cum
1694 2801 1879 2879 Dominus

263 2928 527 3020 „Hermannus
558 2917 774 2998 venerabilis
801 2915 927 2990 sibbas
954 2915 993 2992 br
1016 2916 1230 2995 Conuentus
1265 2917 1484 2995 Monasterii>
1505 2919 1553 2993 de
1581 2918 1796 3017 Wingarten
1829 2921 1879 3003 ad
1914 3000 1918 3007 ,

259 3045 448 3136 „nostram
479 3038 686 3115 instantiam
719 3033 882 3112 inclinati
915 3034 1073 3112 Rudolfo
1108 3039 1156 3113 de
1185 3037 1324 3112 Ysrnina
1352 3036 1502 3115 Notario
1532 3035 1650 3111 nostro
1674 3050 1879 3135 prouentus

260 3162 463 3263 „Capellae
494 3158 534 3235 S.
558 3153 706 3249 Georgii
732 3153 817 3228 sitae
849 3150 940 3228 vltra
970 3152 1091 3230 villam
1118 3155 1309 3232 Leunnam
1342 3155 1380 3230 iu
1410 3169 1537 3231 monte
1569 3155 1675 3233 titulo
1703 3159 1879 3256 praebent

256 3285 281 3377 ’,,
295 3282 368 3365 dali
389 3275 609 3356 contulerint
645 3314 694 3333 -
718 3314 769 3329 -
792 3314 842 3329 -—
867 3271 945 3344 Nos
968 3271 1023 3344 eis
1047 3272 1181 3350 Abbati
1210 3273 1478 3352 &Conuentui
1506 3274 1733 3371 stipulatione
1763 3275 1878 3354 iuter·

243 3383 402 3501 '„p0s1ta
424 3394 671 3496 promittimus
693 3391 753 3467 his
781 3390 819 3466 in
845 3388 1002 3485 scriptis,
1040 3394 1139 3489 quod
1160 3393 1206 3467 de
1226 3403 1373 3467 caetero
1397 3394 1445 3467 ad
1473 3393 1730 3471 conserendam
1763 3392 1878 3490 ipsam

261 3519 474 3620 „Capellam
501 3515 574 3590 siue
595 3521 794 3611 prouentus
820 3507 903 3604 ejus
923 3506 1030 3585 alicui
1053 3513 1221 3604 personae
1250 3511 1342 3608 ipsos
1370 3511 1535 3609 precibus
1560 3513 1688 3587 nostris
1714 3515 1775 3588 seu
1804 3513 1878 3605 ario
1932 3612 1938 3623 1

260 3659 507 3741 „quocunque
528 3628 632 3709 motu
652 3628 837 3704 sollicitare
864 3649 939 3700 non
968 3627 1162 3715 debemus¹
1188 3629 1245 3706 vel
1268 3653 1434 3717 mouere,
1466 3632 1526 3706 sed
1549 3634 1596 3706 de
1624 3631 1697 3728 ipsa
1726 3632 1877 3730 Capella

127 3814 133 3829 ,
165 3781 170 3792 ·
256 3766 329 3854 „31
358 3757 429 3833 suis
456 3749 689 3852 prouentibus
719 3746 919 3844 relinquere
949 3746 1154 3823 tenebimur
1177 3747 1328 3824 liberam
1352 3748 1562 3825 facultatem
1586 3749 1667 3848 ipsrs
1697 3752 1876 3850 quidquid
1922 3774 1925 3779 ·

258 3870 584 3972 „suo‘Nlonaiierio
607 3865 786 3945 videbitur
819 3862 1007 3961 expedire.
1033 3865 1237 3942 ordinandi.
1292 3867 1330 3941 in
1358 3867 1461 3962 cujus
1486 3867 1537 3942 rei
1562 3868 1808 3947 testimonium
1835 3872 1876 3951 dt

259 3994 506 4092 „memoriam
532 3989 742 4064 euidentem
777 3988 980 4080 praesentes
1016 3985 1070 4058 eis
1093 3986 1263 4063 dedimus
1285 3984 1393 4061 nostri
1414 3985 1514 4080 sigilli
1541 3987 1744 4066 munimine
1767 3990 1876 4066 robo-

245 4131 397 4211 .„„mtns.
426 4115 583 4185 Datum
606 4107 641 4183 in
668 4101 812 4200 Inspruk
835 4102 954 4178 Auno'
972 4101 1046 4177 Dni
1072 4104 1124 4181 Μ.
1138 4105 1213 4182 CC.
1228 4105 1402 4184 LXXXII.
1429 4105 1489 4182 die
1509 4103 1726 4197 DominIco,
1764 4106 1876 4191 tertio

254 4235 430 4328 „decimo
454 4231 612 4305 intrante
640 4220 847 4310 Decembri,
872 4215 999 4299 indist.
1025 4221 1086 4300 Xl.

351 4472 426 4552 Sub
451 4467 581 4545 eodem
604 4462 816 4538 Hermanno
839 4460 989 4540 Abbate.
1002 4459 1160 4540 Ecclesia
1187 4462 1401 4559 parochialis
1429 4464 1468 4541 in
1492 4403 1746 4560 Rauensburg,
1781 4463 1874 4545 olim
1910 4420 1916 4429 ·

257 4595 331 4672 iilia
355 4586 578 4668 Altorffeusrs
604 4584 762 4681 separata
788 4580 864 4666 est,
909 4597 949 4657 vt
970 4594 1068 4681 patet
1094 4606 1141 4655 ex
1164 4579 1243 4656 MS.
1270 4582 1378 4657 Libro
1406 4585 1519 4659 veteri
1549 4586 1585 4659 iu
1614 4585 1705 4659 haec
1741 4586 1872 4693 rerba:

221 4792 228 4802 ,
256 4712 352 4796 Aren
378 4731 479 4804 1299.
503 4707 659 4781 Dominus
685 4702 795 4779 suar
817 4701 964 4777 Drconus
985 4708 1020 4778 r'rr
1046 4698 1184 4797 Atrnff,
1209 4703 1252 4788 δ’
1264 4700 1403 4797 figbotus
1429 4713 1587 4781 incuratus
1605 4714 1728 4802 primus
1748 4711 1782 4779 in
1802 4706 1882 4803 Ra„

1706 4820 1872 4924 orusprrrrsr
