4276 5670
252 390 326 485 362
581 489 590 499 ,
882 392 1302 484 rffsfflo

255 543 366 648 imos
388 566 504 656 didaz,
521 564 689 644 Placidus.
705 565 877 670 Kofflriug
900 592 984 643 cum
1009 570 1151 652 duobus
1170 557 1292 666 pueris
1319 571 1364 674 &⁴
1383 570 1532 648 famulo.
1581 574 1672 650 Mox
1701 599 1799 652 anno
1834 578 1891 654 in·

252 687 419 792 sequenti
434 682 437 687 ’
443 713 500 783 30.
523 687 609 788 Julii
641 688 776 764 ibidem
815 688 981 786 adpotus,
1007 687 1076 763 ΡΡ.
1121 689 1266 789 Georgia
1281 689 1435 779 ,Oxnen
1478 692 1695 793 illosffiango
1727 685 1890 785 Bartter,

252 813 292 891 &
335 807 493 910 Oswasdo
506 824 509 829 ’
523 807 638 895 Baor,
687 807 762 884 ΡΡ.
794 808 988 898 Matthias,
1024 809 1218 898 Antonius,
1266 809 1307 887 ii
1337 805 1496 887 Placidus
1528 814 1724 888 redieruut.
1776 817 1891 892 Anno

256 938 361 1011 root.
387 953 443 1026 24
458 927 594 1024 Aprilis
619 925 688 1003 ΡΡ.
707 928 879 1004 Matthias
900 927 1020 1029 Lang,
1051 926 1092 1004 11
1123 928 1288 1029 Georgius
1321 929 1457 1017 Oxner,
1496 930 1559 1028 qui
1594 933 1714 1029 paullo
1739 949 1826 1010 ante
1850 937 1889 1012 in

252 1048 381 1157 tineis
407 1048 622 1135 aduenerat,
648 1051 764 1123 iterum
785 1048 936 1125 Montana
967 1047 1004 1126 S.
1027 1049 1165 1123 Mariae
1186 1050 1386 1146 petierunt,
1411 1072 1504 1148 quos
1522 1076 1580 1126 22.
1601 1051 1690 1147 Maji
1707 1054 1890 1152 insequuti

251 1173 333 1252 sunt
359 1167 428 1245 ΡΡ.
460 1168 623 1266 Georgius
662 1166 879 1256 Wdenman‚
909 1167 1060 1243 Mtctaet
1085 1167 1211 1258 Faber,
1239 1172 1275 1246 dt
1298 1169 1494 1244 Bernardur
1519 1170 1611 1246 Han
1680 1172 1740 1247 IV.
1774 1175 1888 1250 Anno

186 1312 209 1350 v
256 1298 362 1385 1609.
385 1288 446 1365 die
472 1287 622 1384 septima
653 1284 867 1373 Decembris
900 1288 938 1363 in
969 1288 1228 1365 Monaderium
1256 1287 1294 1365 S.
1316 1287 1410 1363 Petri
1436 1289 1472 1363 in
1495 1287 1602 1387 Spina
1635 1290 1798 1368 Hercinia
1825 1296 1889 1369 ab·

189 1444 191 1448 ⁸
250 1412 391 1508 legatus
426 1408 476 1484 est
508 1407 548 1482 P.
580 1406 777 1505 Franciscns
805 1407 960 1483 Dietriclz
992 1391 1725 1523 66116616Μ6661161166611611161,
1760 1415 1800 1492 61
1823 1416 1889 1490 de-

145 1595 149 1602 ,
208 1515 217 1542 “
250 1556 356 1615 mum
381 1514 510 1622 abbas,
530 1549 614 1603 cum
641 1537 797 1624 quatuor
823 1527 904 1602 asiis
930 1528 1115 1612 Patribus.
1140 1549 1272 1622 nempe
1302 1523 1343 1602 P.
1370 1525 1515 1628 Georgia
1539 1528 1696 1628 Raſsler,
1727 1535 1886 1611 Martiae

244 1611 410 1750 pisander,
443 1644 671 1750 Christopstoro
699 1645 883 1734 Horonon,
908 1649 945 1723 dt
970 1647 1140 1723 Morunda
1165 1646 1288 1733 Mobr,
1318 1669 1472 1746 quorum
1498 1647 1559 1722 hic
1587 1647 1624 1725 16
1649 1650 1766 1752 singna
1784 1681 1885 1754 groe-

218 1819 221 1826 ν
251 1799 317 1862 ca,
346 1771 408 1846 isle
436 1769 472 1843 16
506 1766 638 1869 bistonio
665 1765 926 1844 versatissimus
941 1779 1031 1842 erat.
1078 1767 1122 1844 V.
1147 1768 1259 1843 Auno
1290 1774 1394 1862 1614.
1423 1782 1480 1852 28.
1506 1767 1689 1845 Februarii
1716 1774 1764 1847 ad
1793 1774 1885 1871 peti·

251 1893 392 2001 tionem
427 1885 589 1986 Episcopi
626 1885 874 1987 Constantienfis
909 1885 948 1961 in
984 1887 1120 1986 Argiae
1153 1886 1287 1963 dinitis'
1311 1885 1464 1962 sususam
1496 1890 1660 1965 mandati
1694 1893 1775 1969 sunt
1811 1893 1881 1969 ΡΡ.

252 2015 396 2093 Mauros
431 2005 616 2106 Baidung,
654 2008 692 2083 dt
726 2004 963 2106 Woiffgangns
993 2007 1136 2084 Bartter
1170 2030 1254 2082 cum
1283 2006 1342 2082 Fr.
1377 2006 1580 2106 Hieronymo
1613 2009 1772 2088 Roinosd.
1824 2015 1882 2093 VI.

251 2123 364 2223 Auno
395 2131 526 2212 eodem
553 2151 588 2226 4.
612 2124 764 2223 Augusti
794 2128 935 2202 reuerso
971 2129 1017 2203 ad
1050 2151 1119 2202 nos
1155 2126 1299 2226 Georgia
1334 2120 1468 2216 Ox'ner,
1510 2129 1573 2226 qui
1600 2130 1739 2228 aliquot
1765 2156 1883 2210 anuos

182 2225 207 2251 ἣ
251 2233 574 2334 administratoris·
598 2246 717 2325 officio
742 2245 779 2321 16
808 2246 926 2339 Monte
959 2246 996 2324 S.
1026 2248 1163 2322 Mariae
1190 2246 1335 2324 sunaus
1365 2241 1487 2334 erat,
1512 2247 1597 2324 issue
1631 2250 1781 2329 discessit
1807 2252 1883 2349 jam
1927 2331 1932 2341 ,

85 2403 91 2415 ·
251 2375 361 2457 tertio
400 2372 441 2451 P.
481 2367 652 2448 Matthias
687 2365 790 2466 Lang
823 2362 943 2465 (cium
970 2366 1040 2444 ΡΡ.
1075 2367 1249 2444 Benediiio
1285 2367 1473 2456 Maitona,
1519 2373 1556 2449 61
1589 2371 1733 2450 Andura
1772 2372 1882 2477 Gaii,

253 2497 488 2595 Hirsangienfi
511 2490 631 2590 postea
654 2487 821 2580 Aetate>
847 2509 944 2559 auno
972 2497 1075 2580 1615.
1102 2488 1162 2562 die
1187 2511 1243 2585 27.
1268 2487 1402 2563 nenas
1434 2489 1596 2567 Otiobris
1623 2494 1661 2568 in
1692 2494 1779 2573 diui
1804 2495 1882 2572 Mo·

252 2616 397 2715 nasterii
419 2613 604 2690 Abbatem
623 2607 830 2707 postulatus
882 2606 973 2690 Quis
1002 2606 1038 2682 ἀ
1065 2621 1224 2704 quantur
1252 2605 1312 2681 hic
1339 2606 1510 2711 Matthias
1532 2611 1656 2697 suerit,
1688 2613 1745 2691 vel
1771 2639 1818 2690 ex
1839 2640 1882 2691 eo

252 2737 325 2816 solo
347 2711 574 2813 mauisestum
605 2729 662 2813 iit,
689 2728 787 2826 quod
810 2747 896 2800 eum
920 2749 992 2799 uno
1015 2728 1218 2823 eodemque
1246 2749 1342 2801 anuo
1374 2734 1476 2812 1668.
1503 2731 1639 2807 nedum
1663 2722 1882 2812 (166111666-

253 2860 358 2939 steria
390 2854 428 2936 S.
449 2851 542 2933 Pori
562 2847 693 2928 scilicet
725 2847 762 2920 in
791 2844 897 2943 Spina
921 2844 1108 2944 Hercynia,
1147 2845 1244 2924 &S
1281 2846 1422 2946 Georgii
1449 2851 1482 2922 in
1517 2841 1641 2947 Tprosi
1658 2853 1883 2958 Administra-

254 2997 355 3062 torent
386 2954 574 3076 peterent,
600 2970 658 3044 sed
688 2970 725 3046 &
749 2965 821 3063 ipse
843 2967 939 3040 Geor
966 2967 1019 3040 ius
1047 2967 1166 3043 noster
1187 2989 1284 3041 auno
1310 2975 1427 3060 rbrp'
1449 2982 1502 3052 18.
1535 2954 1623 3066 Maii
1653 2995 1736 3049 cum
1769 2976 1882 3052 totius

255 3084 403 3202 eapitrdi
438 3090 677 3192 gratulatione
707 3088 745 3162 in
785 2989 1016 3186 Coadjntdrom
1056 3089 1267 3163 adsumeret.
1345 3087 1433 3161 Erat
1462 3089 1496 3162 is
1526 3088 1651 3166 Frater
1678 3094 1883 3172 Germanus

255 3204 883 3334 3666666666160166666661.
903 3205 941 3282 br
957 3205 996 3280 Ρ.
1013 3206 1145 3281 Prioris
1168 3206 1383 3308 Caesarienfis
1402 3210 1417 3296 (
1427 3207 1708 3310 Kaisershaim).
1757 3200 1882 3292 Abbar
1915 3298 1922 3312 ‚

213 3329 220 3343 ’
256 3345 365 3442 igitur
395 3339 433 3413 in
462 3335 601 3411 Martae
634 3326 671 3406 S.
703 3327 840 3439 Mariae
867 3346 941 3399 non
969 3314 1044 3401 siue
1071 3325 1203 3402 intimo
1234 3327 1560 3423 Weingartenfium
1599 3330 1722 3408 dolore
1751 3333 1881 3423 fanus,

256 3456 514 3548 Mouasterium
548 3451 699 3537 ibidem,
733 3445 997 3545 &Ecclesiam
1033 3470 1054 3521 a
1090 3446 1355 3545 Fundamentis
1388 3447 1572 3524 exstruxit.
1633 3453 1747 3528 Aunn
1780 3438 1881 3552 1646.

210 3593 211 3596 ’
241 3560 317 3666 ¹,die
343 3573 512 3670 16111611
540 3573 754 3648 Meritorum
786 3567 913 3664 plenus
943 3568 1000 3665 pie
1029 3567 1064 3641 16
1097 3567 1253 3643 Domino
1280 3567 1388 3652 obiit,
1434 3565 1471 3639 in
1501 3592 1597 3644 nouo
1619 3573 1680 3645 suo
1707 3576 1880 3653 coenobio

256 3681 331 3802 pon
355 3704 428 3777 stne
457 3690 645 3775 uberrimis
668 3688 839 3764 lacrumis
870 3688 1038 3786 sepultus.
1097 3687 1169 3764 vlt.
1198 3688 1308 3762 Anno
1350 3697 1452 3776 1619.
1478 3688 1538 3761 die
1569 3703 1622 3764 to.
1652 3691 1739 3787 bsaji
1760 3695 1807 3770 ad
1830 3694 1881 3770 iu·

258 3823 424 3906 stantiam
467 3818 546 3917 (vt
566 3811 711 3910 scriptor
730 3830 886 3885 coaeuus
915 3805 1338 3906 loquitur)Sereniss1mi
1364 3805 1581 3882 Archtducis
1610 3810 1881 3912 6611166166-

254 3918 349 4052 positi
387 3933 550 4039 Episcopi
580 3925 872 4029 Argentineosrs,
908 3932 946 4006 &
979 3924 1207 4002 Passauiensrs
1236 3927 1282 4001 ad
1320 3927 1592 4004 reformandum
1624 3933 1881 4010 Monasterium

196 4041 198 4046 ,
263 4043 481 4168 Gangeniraoi
506 4041 594 4136 611111
621 4053 701 4128 sont
735 4047 804 4127 ΡΡ.
840 4047 999 4125 Placidus
1030 4047 1202 4150 Kffring
1231 4045 1332 4125 Prior
1362 4045 1518 4135 ibidem,
1556 4054 1594 4127 dr
1619 4051 1765 4127 11166161
1797 4052 1883 4129 Bal.

111 4246 117 4259 ,
258 4190 350 4286 dung
374 4179 589 4282 subprior&
614 4171 846 4252 Nouiriorum
871 4166 1285 4263 bsagisterconstitutus.
1343 4166 1443 4250 Quos
1467 4168 1567 4243 breui
1596 4170 1806 4268 insequutus
1833 4173 1883 4250 est

257 4312 298 4385 P.
314 4304 587 4384 bertrannum,
599 4296 687 4392 Moy
704 4291 951 4388 Augustanus,
975 4287 1099 4364 studiis
1118 4288 1308 4387 Juniorum
1319 4287 1530 4364 Praeseiius.
1581 4288 1630 4365 Hi
1651 4289 1883 4391 Gengebacen·

251 4433 336 4535 finnt
367 4424 521 4522 ipsorum
551 4413 755 4518 testimonio
792 4408 1049 4487 Monasterium
1084 4419 1162 4483 tam
1192 4407 1230 4496 in
1255 4406 1506 4504 Spirimasibus
1534 4432 1642 4506 quam
1676 4412 1886 4510 temporali·

253 4554 326 4632 bus
360 4546 452 4623 bene
478 4528 712 4639 constitutum
744 4530 991 4629 reliquerunt,
1031 4528 1336 4623 &fundamenta
1365 4525 1666 4623 congregationis
1694 4531 1816 4626 porea
1847 4533 1886 4611 in

21 4628 29 4644 ⁶
136 4665 141 4689 ²
250 4669 399 4770 Assatia
427 4658 642 4774 oonustitutae
671 4649 788 4755 prima
808 4636 1012 4752 posuerunt.
1072 4647 1163 4728 Vol.
1189 4644 1302 4726 Anno
1333 4644 1436 4725 1622.
1464 4671 1518 4742 19.
1538 4640 1635 4747 Junii
1657 4661 1732 4730 tter
1757 4654 1909 4737 Patres.

1238 4790 1241 4795 ’
1735 4786 1886 4869 petente
