4276 5670
702 384 1124 475 *WCDQ*
1680 398 1727 473 23

95 559 321 657 auseriptum
339 558 418 639 libri
433 558 713 654 Euangeliorum
731 561 918 639 coiiettum
942 585 985 636 ac
1004 559 1243 659 conscriptum
1264 559 1334 646 est,
1360 561 1414 636 ita
1429 558 1544 637 etiam
1558 559 1725 658 ejusdem

96 683 239 755 maan
254 684 412 771 δαῖμον,
444 679 507 779 qui
530 680 734 756 Monachus
756 680 817 755 hic
839 679 875 755 in
897 680 961 755 ito
979 681 1060 755 loco
1081 679 1182 757 fuitie
1201 679 1401 774 colligitur,
1428 693 1603 779 tauquam
1626 679 1722 775 prio·

95 798 199 875 ribus
220 799 294 875 iliis
317 799 524 876 itionasterii
545 798 836 874 fundationibus
856 807 1004 888 vicinior,
1044 821 1159 874 oraora
1183 821 1310 875 ouum
1334 821 1536 874 aasacvrvs
1572 802 1723 877 creden·

95 920 168 992 dus
189 916 289 1004 enf‘
312 917 366 992 ita
383 918 455 993 lile.
518 920 620 1003 Quae
633 918 809 1010 postrema
828 921 935 995 verba
956 943 1024 1014 ego
1056 943 1200 1018 quoque
1223 918 1326 1005 aliis,
1364 943 1457 1018 quae
1483 918 1519 993 in
1546 919 1619 994 hoc
1642 918 1728 995 MS.

95 1048 310 1125 narrantru,
334 1036 448 1134 aptari
467 1038 588 1115 velim.
641 1039 876 1112 intellexerat
895 1062 1027 1134 nempe
1055 1039 1180 1113 saitem
1210 1039 1355 1116 obicura
1384 1039 1498 1113 Fama
1519 1038 1727 1116 Monachus

95 1155 179 1243 iso,
201 1156 302 1251 quod
321 1161 383 1259 post
399 1158 645 1250 'alimoniorum
670 1156 877 1234 Monasterii
901 1157 1274 1234 Altomonasterieusrs
1307 1173 1370 1234 tres
1392 1181 1445 1234 rar
1468 1157 1633 1234 Abbates
1658 1142 1744 1234 Or?

97 1275 185 1351 dine
203 1274 274 1350 sese
293 1272 453 1352 inuicem
473 1276 652 1374 insequuti
673 1275 760 1363 fint,
783 1293 854 1351 onte
875 1302 965 1373 quarn
986 1279 1032 1352 ad
1047 1276 1215 1353 Aitdorff
1226 1275 1516 1353 transferrentur.
1568 1277 1725 1371 Obsctua

99 1395 288 1471 Gestorum
315 1395 457 1497 Notitia
480 1395 668 1482 contusus,
713 1414 774 1471 tres
800 1396 870 1471 hos
894 1398 1058 1472 Abbates
1087 1396 1244 1489 Attdorffii
1276 1397 1338 1472 fibi
1369 1396 1557 1474 succeffiffe
1587 1398 1635 1473 de
1661 1395 1723 1471 suo

96 1513 291 1595 confinxit,
316 1515 416 1589 nulio
436 1515 678 1615 fundamento
701 1515 821 1598 nixus.
883 1516 951 1592 Vel
972 1518 1055 1614 quis
1076 1518 1220 1598 credat.
1257 1515 1390 1614 septem
1418 1528 1483 1590 aut
1502 1517 1582 1592 ono
1607 1538 1720 1590 auno-

96 1657 178 1710 tum
208 1633 322 1734 spatio
353 1652 416 1712 nes
442 1636 605 1713 Abbates
633 1635 716 1709 ioco
745 1636 968 1732 praesediffe,
1014 1648 1123 1734 atque
1156 1635 1228 1710 illic
1258 1635 1410 1739 dfaordot
1444 1634 1540 1710 effe?
1575 1635 1615 1712 dt
1637 1635 1721 1732 quis

97 1755 238 1850 ignoret
255 1757 426 1842 undem,
461 1754 673 1830 Heinricum
696 1779 769 1828 non
794 1755 868 1829 iilic
887 1755 1096 1833 aeturnum
1119 1755 1237 1842 fuiffe,
1269 1754 1329 1829 sed
1354 1777 1437 1830 cum
1461 1752 1591 1830 suisio
1614 1757 1722 1831 Mon·

96 1885 173 1950 tem
201 1873 476 1969 commigratio?
523 1873 708 1974 postquam
736 1874 871 1952 inuitto
892 1887 1107 1971 argumento
1132 1873 1416 1950 demonstratum
1446 1873 1514 1960 eu,
1545 1877 1719 1952 eundem

28 2028 32 2033 ·
96 1994 203 2089 longo
222 1993 300 2091 post
321 2006 483 2090 tempore
508 1994 627 2069 adhuc
649 1993 788 2076 vixisse,
824 1996 862 2071 dr
880 2017 976 2068 anno
999 1993 1200 2070 etiamnum
1225 2002 1328 2091 10⁶4
1349 1992 1570 2069 dedicationi
1594 1993 1721 2091 tempii
1859 2004 1864 2011 '

97 2096 349 2190 schaffhusani
379 2112 603 2210 praesentem
628 2110 804 2188 adsuunt
860 2112 1032 2188 Ceterum
1056 2113 1254 2208 Georgium
1275 2111 1455 2190 Abbatem
1484 2112 1721 2190 vehementer

97 2233 134 2308 ia
152 2231 388 2317 sententiam,
427 2254 537 2330 quam
567 2231 742 2310 hattenus
768 2231 937 2318 stabilior,
976 2232 1214 2329 propontide,
1246 2243 1349 2329 patet
1379 2232 1564 2328 exipsius
1598 2231 1719 2309 verbis

96 2377 133 2428 u.
156 2376 192 2450 4.
216 2351 368 2435 adlatis3
406 2353 464 2430 vbi
486 2350 678 2427 neceffaria
704 2351 986 2450 consequutione
1014 2350 1138 2426 inferri
1163 2350 1314 2441 fatetur,
1351 2351 1534 2428 Hntnicnn
1560 2348 1721 2450 confindit

96 2472 297 2549 etiamnum
316 2473 467 2568 Sariptnrt
484 2470 572 2546 Vane
587 2473 622 2544 S.
640 2472 766 2546 Aturus
786 2474 824 2549 dr
843 2471 1064 2560 lmnannnn,
1089 2470 1172 2568 qui,
1199 2484 1240 2547 vt
1259 2472 1401 2549 certum
1423 2471 1494 2558 est,
1516 2494 1597 2546 nnn
1615 2486 1719 2547 nant·

95 2600 212 2669 aaron
231 2601 266 2666 in
282 2591 420 2664 utonem
440 2594 478 2665 S.
495 2590 636 2664 Martini
649 2593 744 2664 adhuc
763 2597 797 2664 in
828 2592 916 2666 Vnau
935 2608 1033 2667 eram.
1085 2591 1194 2676 Quod
1214 2588 1239 2664 fi
1260 2592 1402 2689 insuper
1423 2589 1629 2669 testimonio
1643 2589 1715 2666 Ar*

96 2711 205 2787 chiuii
233 2707 490 2786 Schaffhusani
518 2708 649 2796 noffet,
693 2708 909 2786 Heinricum
937 2735 1034 2786 anno
1061 2720 1164 2809 1064
1245 2710 1477 2815 Dedicationi
1508 2707 1719 2787 Monasterii'

66 2843 70 2849 '
95 2834 132 2907 S
151 2829 353 2908 Saiuatoris
378 2828 542 2914 adfuiffe,
567 2841 648 2905 tum
672 2830 829 2926 profesto
850 2844 925 2907 tam
945 2853 1090 2927 pamm,
1122 2854 1166 2906 ac
1186 2855 1271 2927 ego,
1303 2832 1338 2906 se
1360 2855 1383 2907 a
1404 2830 1556 2908 serendo
1575 2828 1715 2925 judicio

95 2953 261 3027 oohibere
284 2948 448 3047 potuiuet
469 2948 617 3024 diutius.
661 2949 803 3026 Timide
823 2951 921 3025 orius
943 2951 993 3027 est
1014 2952 1114 3029 idem
1138 2950 1265 3027 Abbas
1285 2951 1407 3026 noster
1419 2964 1544 3026 texere
1570 2948 1716 3024 Catan-

93 3094 179 3169 gum
206 3069 394 3146 Abbotum
414 3067 622 3166 incipiendo
653 3071 879 3165 aBeringrro,
911 3072 1008 3167 quod
1034 3072 1117 3148 satis
1142 3072 1285 3170 prodit,
1310 3093 1388 3167 pag„
1410 3095 1469 3170 44.
1493 3067 1554 3144 his
1574 3066 1713 3148 verbis:

93 3195 303 3286 aderamno
334 3189 456 3264 Aron
482 3193 618 3264 exordiri
646 3211 760 3264 vrsvoa
782 3212 866 3273 asr,
897 3215 981 3286 qnam
1000 3199 1138 3286 primun
1162 3197 1237 3268 uon
1256 3194 1587 3286 nuntronaapont:
1625 3208 1708 3261 uon

84 3312 199 3407 'Qvoo
223 3330 361 3384 aaronva
383 3331 497 3383 anana
520 3308 622 3402 sunit
648 3310 715 3404 post
742 3315 966 3383 translationem
987 3334 1025 3384 en
1052 3311 1282 3403 AEaonnnastm
1312 3329 1512 3386 narnarcva
1539 3315 1619 3382 onim
1645 3303 1714 3402 poli

93 3440 175 3508 uam
196 3433 420 3505 uornluionen
437 3438 556 3524 primns
569 3425 660 3521 fain
684 3429 742 3524 sed
761 3432 826 3500 ideo
847 3437 982 3521 prirnnn
1006 3428 1133 3525 pofitun
1163 3449 1370 3513 cnuuruvs,
1395 3431 1473 3523 qood
1499 3448 1625 3505 auara
1642 3433 1715 3523 pn·-

91 3577 158 3627 nuo
177 3560 213 3626 r‘n
229 3539 340 3623 Minu
350 3544 482 3646 proeeffe
507 3556 674 3641 incoeperit.
733 3545 814 3622 Hac
835 3547 959 3624 saitem
981 3548 1139 3634 cautela,
1171 3571 1244 3644 qua
1262 3547 1363 3625 usum
1387 3547 1488 3623 fuitse
1506 3550 1609 3626 suum
1635 3524 1713 3622 ΑΒ·
1792 3629 1802 3635 ,

90 3672 214 3749 batem
238 3692 315 3744 uon
344 3666 528 3764 ignorauit
552 3667 590 3740 Ρ.
612 3667 757 3742 Gabriel
783 3667 997 3752 Buceiinus,
1032 3669 1172 3745 vtinam
1198 3667 1279 3744 vius
1305 3666 1391 3743 esset
1413 3672 1452 3748 dr
1471 3665 1566 3764 Ipse!
1601 3665 1713 3743 risum

90 3813 188 3868 nunc
207 3813 282 3865 non
305 3789 451 3865 deberet
470 3786 634 3862 Eruditis
653 3785 865 3862 conditione
884 3788 1025 3864 suorum
1044 3787 1154 3862 trium
1171 3787 1377 3870 Abbatum,
1399 3810 1492 3884 quos
1513 3783 1712 3861 eLacunia

90 3907 332 3988 turbiditt‘rmis
354 3905 498 3981 haurire
517 3905 667 3994 malrut,
700 3928 808 4005 quam
828 3929 1024 3985 coeuorom
1049 3903 1277 4007 scriptorum,
1309 3928 1401 4008 quos
1425 3918 1576 4006 utraque
1597 3925 1712 3981 manu
1859 3900 1876 3919 ‘

89 4028 448 4131 proderat,.duttum
466 4025 573 4126 sequi.
797 4023 800 4028 ’
1013 4055 1016 4058 ·

815 4265 856 4387 n.
921 4266 994 4355 vr.

372 4535 375 4538 Α
415 4455 486 4542 De
528 4452 872 4579 instauratione
917 4455 1071 4540 Cattae
1109 4454 1374 4542 Erichonir.

188 4663 220 4717 1.
244 4636 456 4737 Postquam,
482 4635 640 4734 utsupra
660 4638 839 4727 vidimus,
864 4637 1031 4712 Heimtoo
1053 4637 1147 4711 Pater
1171 4639 1208 4712 S.
1230 4639 1360 4711 conati
1386 4633 1590 4712 Monachus
1611 4633 1704 4712 Am·
1778 4662 1793 4673 ·

88 4758 355 4865 mergouieniea
375 4754 1073 4858 Aitomouasteriensrbuaconjunxerat‚
1098 4755 1201 4916 locus
1221 4780 1295 4856 quo
1316 4751 1353 4834 se
1372 4758 1484 4835 Ettico
1502 4756 1707 4953 Pugnando-{lpum
1788 4850 1795 4859 .
