4276 5670
682 353 1108 490 *omo*
1490 512 1502 536 .
1634 409 1707 495 sto
1775 435 1785 440 ·

36 594 39 599 ’
79 578 132 657 uei
159 580 283 680 tametfi
298 577 449 679 sortafflc
475 571 561 650 nibil
588 555 818 675 respondebit:
855 589 963 653 tamen
990 572 1143 652 Litterae
1162 567 1278 649 noter
1301 567 1496 649 Domiuatio
1515 569 1706 681 Aeneadum

80 697 273 777 troarnen
297 701 422 798 uestra,
449 695 535 793 qnod
555 695 734 795 plurimum
762 719 829 772 oro.

177 933 300 1009 Abbas
333 934 450 1008 notter
484 933 577 1007 tanti
616 930 777 1031 Hospitis
813 930 1053 1026 gratiofiitime
1086 929 1188 1009 simul
1221 932 1259 1010 ac
1287 929 1479 1028 gratiiiima
1504 929 1713 1019 Praesenti(

81 1052 298 1150 impeditus.
334 1053 536 1151 responsum
563 1054 608 1128 ad
636 1052 769 1129 Nunoii
802 1050 997 1147 Apostolici
1024 1051 1127 1127 binas
1159 1052 1318 1128 Litteras
1340 1050 1483 1128 differre
1511 1051 1549 1126 ia
1574 1049 1708 1148 trigeti

83 1195 180 1247 mam
207 1197 320 1270 usque
349 1173 575 1268 Septembris
596 1171 700 1280 giiem
726 1171 871 1257 debuit,
909 1172 1008 1269 quod
1028 1170 1075 1245 fic
1095 1170 1254 1247 sonatat:
1281 1171 1314 1266 i)
1338 1170 1546 1273 Illustrrffime
1570 1172 1618 1248 ad
1638 1170 1708 1249 Re·

80 1293 295 1391 verendesssmc
321 1291 483 1366 Domine!
521 1289 631 1365 Binae
653 1289 696 1365 ab
723 1291 937 1392 illustrissima
962 1291 1012 1366 D.
1026 1347 1031 1354 .
1045 1290 1089 1366 V.
1115 1293 1243 1390 accepi,
1275 1316 1359 1366 anas
1380 1287 1599 1380 Ratisbonae‚
1624 1293 1708 1367 alte·

80 1437 138 1488 rar
168 1411 301 1487 Graecei
326 1412 441 1497 datae,
476 1424 612 1507 utraque
643 1414 761 1486 veteris
784 1414 819 1484 in
843 1436 891 1482 ene
916 1408 1164 1494 Beneuoieutiae
1185 1411 1402 1510 pienifflmasc
1442 1408 1528 1484 nibil
1549 1436 1610 1510 ego
1633 1412 1708 1488 red·

80 1533 153 1607 didi
177 1531 341 1618 ciebimus,
374 1533 513 1631 ignarus
537 1527 594 1605 ubi
620 1528 834 1631 Ic'lnsirrffirna
858 1527 908 1604 D.
939 1528 985 1606 V.
1011 1530 1215 1630 uersaretur,
1248 1527 1289 1606 fi
1313 1528 1427 1605 deiude
1449 1527 1536 1626 qaod
1560 1555 1625 1607 uon
1648 1528 1709 1608 ba·

81 1650 205 1736 berem,
242 1677 305 1749 per
326 1677 416 1747 quern
433 1649 621 1749 scriberem.
674 1649 782 1724 Doleo
807 1662 891 1725 certe
923 1650 1095 1750 adnerfiam
1121 1648 1353 1751 Illustrrffimac
1383 1647 1632 1727 Domioationis
1654 1677 1712 1729 nea

71 1773 166 1871 strae
183 1770 414 1856 valetudinem,
443 1770 604 1846 meliorem
626 1770 720 1844 Deus
738 1772 894 1871 restituat.
947 1769 1055 1846 Doleo
1074 1772 1191 1858 etiam,
1215 1768 1303 1866 quod
1311 1770 1477 1868 perpetres
1496 1771 1546 1844 ita
1560 1771 1649 1847 curis
1668 1768 1711 1868 ΕΞ

79 1893 218 1990 negotiis
235 1888 450 1990 distrahatur,
475 1914 555 1986 quae
579 1916 631 1966 ιιι
655 1915 720 1965 non
737 1890 839 1988 potes
863 1914 928 1964 non
952 1886 1012 1991 ιβ
1030 1913 1187 1988 perquam
1204 1887 1360 1989 molesta,⁴
1374 1885 1416 1964 ii
1433 1885 1629 1967 Valetudini
1650 1915 1711 1967 uo·

80 2015 151 2086 xia.
209 2009 260 2085 Vt
278 2011 389 2097 uideo,
414 2035 479 2084 non
496 2007 605 2109 soimn
630 2008 847 2111 Illustrifflmo
872 2007 921 2083 D.
945 2006 991 2084 V.
1016 2008 1206 2109 cognoscere
1229 2008 1323 2109 debet
1341 2008 1601 2112 Cannensem
1623 2012 1710 2116 inter

79 2129 149 2207 PP.
182 2128 358 2207 Societatir
379 2126 433 2234 J
417 2128 489 2227 β
534 2127 574 2207 (5
598 2127 669 2209 PP.
697 2125 932 2230 Cartbufianos
955 2140 1081 2217 ortam,
1121 2128 1184 2229 sed
1208 2127 1249 2206 8
1264 2127 1374 2230 senile
1398 2128 1479 2226 quid
1506 2128 1551 2207 V
1542 2127 1711 2206 ratiriauii

80 2248 470 2337 numinianum
496 2273 561 2347 qua
585 2247 716 2347 miseria
748 2260 922 2347 occupatur
952 2247 1076 2326 dicitur
1110 2247 1343 2351 liiusriffimur
1371 2247 1535 2324 Dominus
1556 2248 1710 2327 Nereius

80 2369 272 2469 Progens
239 2395 256 2442 ι
300 2368 475 2445 Canonieis
496 2367 600 2444 Vrat
572 2381 616 2444 tes
616 2368 750 2469 annus
736 2365 809 2444 bus
825 2370 921 2468 sorte
943 2392 1008 2446 non
1030 2368 1111 2446 adeo
1131 2381 1261 2470 gratrcn
1310 2368 1371 2445 M
1370 2394 1442 2445 eum
1463 2367 1570 2444 uideri
1590 2373 1714 2474 potest.

80 2491 156 2567 citor
183 2489 382 2576 canonicos,
422 2513 555 2585 qnoncm
585 2485 730 2587 piceique
763 2485 888 2566 Romae
912 2488 1041 2569 educati
1058 2489 1185 2592 sient
1170 2516 1207 2567 ru
1231 2484 1368 2588 collegio
1397 2490 1601 2589 germanico,
1645 2482 1719 2566 uari

79 2610 139 2714 ιβ
170 2634 252 2708 ergo
284 2608 512 2730 Benesaiiorer
528 2606 608 2708 snos
630 2610 807 2706 gratiores.

94 2794 102 2806 ὓ
180 2845 385 2950 Constantine
410 2845 533 2922 nubium
557 2843 663 2921 adbuc
686 2861 827 2948 apparet
848 2847 1107 2966 Fundamentum
1129 2848 1278 2950 erigendi
1295 2846 1470 2952 collegii,
1512 2868 1594 2949 qaae
1616 2868 1712 2928 ιιιοιιι

80 2966 289 3055 Albanius,
321 2992 418 3066 aegre
437 2966 534 3064 suam
558 2979 678 3057 toxam
702 2967 997 3091 contribaentibus,
1030 2994 1095 3044 nou
1120 2966 1315 3069 displicebit.
1366 3039 1368 3042 .

177 3204 245 3280 Hir
270 3203 379 3280 diebus
405 3205 590 3304 incognitus
614 3205 656 3284 fi
671 3210 744 3310 stne
767 3208 869 3285 multo
892 3209 1051 3306 comitatu
1084 3207 1238 3307 transuit
1261 3203 1324 3282 bac
1347 3201 1569 3307 Screuifflmur
1591 3201 1710 3282 Baua⁴

82 3328 152 3405 rinc
178 3327 265 3400 Dux
295 3323 490 3401 Wilbeimns
514 3352 584 3400 ιιιιιι
610 3334 745 3427 conjuge
761 3326 846 3427 sua,
882 3328 1049 3426 prosebiur
1074 3325 1121 3400 ad
1144 3323 1302 3407 Erennn
1325 3323 1525 3401 belucticaru.
1586 3322 1710 3403 Eando

82 3473 123 3522 ac
149 3445 309 3522 redeundo
324 3447 486 3543 serenitas
510 3443 576 3544 sna
602 3447 731 3520 aanor
756 3446 910 3534 ainertit,
945 3445 986 3523 ii
1020 3472 1060 3521 nc
1091 3471 1113 3520 a
1147 3441 1436 3547 Constantienstbus
1461 3442 1710 3545 exploraretur,

81 3567 185 3641 eundo
210 3563 284 3639 binc
308 3568 343 3639 in
370 3564 484 3663 Hoscn
508 3568 614 3653 uenit,
651 3579 746 3664 atque
770 3568 804 3640 in
828 3565 888 3642 iiio
912 3565 1029 3666 misero
1053 3566 1124 3641 ioco
1142 3565 1356 3664 pernobianit.
1418 3561 1596 3641 Reanueo
1615 3568 1712 3668 smi-

80 3685 159 3760 liter
185 3688 218 3759 iu
245 3684 407 3783 Hagnaw
432 3688 468 3758 in
493 3690 601 3786 nostra
627 3687 720 3760 donno
743 3685 930 3784 perrwbiare
945 3689 1128 3786 potuerat,
1164 3680 1229 3782 sed
1249 3687 1399 3785 cognitas
1422 3709 1446 3761 a
1467 3684 1713 3787 Miirspurgete·

72 3802 165 3908 ſjbnr
191 3806 236 3879 aci
260 3831 367 3881 aecem
391 3802 485 3878 iilam
509 3802 683 3906 abstrabius
705 3809 791 3904 suit.

177 4042 348 4120 Narrauit
371 4041 451 4118 nubi
475 4041 527 4118 bis
549 4041 661 4120 diebus
683 4044 849 4122 Dominus
868 4040 1027 4145 Pistoriae
1051 4040 1190 4118 aliatum
1212 4039 1271 4146 ιβ
1294 4066 1339 4119 ex
1368 4037 1461 4119 Vrbe
1485 4038 1533 4116 ad
1556 4026 1712 4143 Dlasfrs·

73 4164 193 4264 smum
219 4164 267 4239 D.
299 4161 512 4239 Cardinaieuc
537 4162 739 4263 Episcopum
768 4168 924 4264 nostrum,
948 4161 1059 4239 Brene
1081 4160 1305 4263 apostolieum,
1341 4160 1389 4236 ad
1409 4159 1602 4260 instantiam
1626 4161 1712 4237 ltin·

72 4284 243 4383 siriffinene
275 4283 323 4358 D.
362 4281 407 4356 V.
435 4281 606 4369 ciireiinne,
649 4287 684 4358 ιἰι
710 4310 773 4381 quo
799 4282 836 4360 S.
862 4284 913 4361 D.
940 4282 989 4360 N.
1025 4281 1202 4366 decernat,
1232 4308 1272 4357 ne
1298 4266 1430 4384 posibac
1452 4277 1614 4357 Monacbi
1662 4320 1712 4339 ·-

80 4443 132 4458 -
182 4444 230 4460 -
275 4445 325 4460 ·-
374 4399 588 4500 Diffirneinni
610 4429 659 4477 ene
686 4404 815 4500 aliquid
838 4401 1017 4478 bendere
1043 4426 1116 4475 cane
1143 4398 1354 4508 Iliasirifflma
1375 4400 1425 4477 D.
1451 4399 1497 4477 V.
1520 4398 1632 4504 egise,
1658 4425 1712 4478 re·

74 4521 201 4622 spondi
231 4536 337 4597 tamen
364 4520 450 4606 mibi
477 4522 640 4623 confilium
663 4523 817 4623 probari,
857 4521 899 4599 8
925 4520 1157 4600 maturandam
1183 4519 1242 4623 ιβ
1272 4523 1498 4600 excutiantur.

726 4736 982 4845 ‚Bous
1167 4712 1179 4738 ’
1352 4746 1394 4755 ··
1565 4735 1707 4853 Vicinus

103 4864 146 4962 i)
174 4879 254 4948 Tom.
278 4902 313 4968 7.
347 4880 493 4969 Congreg.
512 4880 568 4968 soi.
589 4883 663 4969 456.
688 4872 692 4880 ¹
790 4875 793 4881 ¹
