4276 5670
703 394 1133 487 ·“Κκῇἓὲκᾱ”
1210 408 1213 413 ’
1652 404 1759 488 nm·

208 568 423 646 Posteriores
438 570 486 644 ad
499 566 545 644 l).
557 562 722 647 Nauium
739 566 940 645 Fauonium
957 569 1121 665 ejusdem
1137 570 1358 668 argumenti,
1374 570 1412 649 dc
1426 571 1503 646 fere
1517 568 1628 644 etiam
1641 550 1736 661 ejun-
1831 564 1835 571 ’

112 689 197 765 dem
221 689 359 764 tenoris
382 687 473 781 sunt.
528 689 724 775 Delatores,
750 686 869 786 inquit
889 688 1074 773 Numine,
1108 687 1203 790 injus
1221 688 1483 790 Epislolncsunt
1509 688 1572 763 duo
1594 687 1735 774 Patres,

110 811 167 906 qui
186 807 246 881 luc
266 810 346 909 miffl
359 833 380 881 o
392 808 464 906 filis
482 805 671 882 Annalibus
685 830 728 880 ex
748 805 1009 913 Congregntionr
1024 806 1162 904 Sumico
1193 807 1275 883 Ord.
1304 807 1341 884 S.
1363 805 1547 893 Bmedilii,
1569 819 1624 891 ul,
1637 805 1737 904 ficuli

107 926 191 1001 milri
204 918 386 1014 «dirimerit,
416 913 651 1001 trallenr'com
673 914 949 1024 Sonditote'sun,
982 923 1024 1002 dd
1049 925 1260 1028 Illuflrifflmo
1280 927 1329 1002 D.
1353 921 1735 1004 CordinoleBorberioo
1894 1020 1901 1025 .

108 1046 148 1120 de
172 1045 383 1142 qrrornmriom
407 1045 680 1144 Mona'sterionrm
707 1046 906 1145 restitutione
931 1068 954 1118 o
982 1043 1077 1119 Dirce
1115 1042 1379 1144 Wrtmlergiae
1405 1046 1582 1146 socienda,
1621 1041 1663 1118 Ei
1692 1042 1733 1119 de

107 1166 185 1239 aliis
201 1163 274 1263 suis
302 1166 451 1262 negotiis.
502 1161 600 1260 Rogo
627 1166 762 1262 vestram
786 1161 1070 1251 Dominotionrm,
1104 1175 1142 1238 vi
1171 1189 1224 1238 eos
1248 1162 1570 1263 benignrrxcipiat,
1598 1164 1732 1260 ipſssque
1784 1190 1789 1261 j

107 1283 280 1378 nliqimlem
307 1270 545 1380 Inllroiiionerr
571 1281 736 1380 praebeat.
788 1278 984 1356 Dominatio
1005 1286 1108 1379 vestro
1135 1281 1217 1357 milri
1238 1280 1297 1357 'stoc
1323 1282 1417 1357 modo
1441 1280 1521 1355 haut
1543 1281 1611 1354 leue
1634 1303 1732 1376 prae-

97 1401 202 1503 stabit
226 1399 421 1500 obsequitur,
459 1400 553 1498 idque
570 1398 651 1474 milii
670 1400 845 1497 testimonio
864 1401 1049 1497 finguloris
1065 1401 1123 1498 soi
1147 1425 1230 1499 crgo
1251 1426 1300 1476 me
1319 1399 1464 1500 adseiius
1490 1401 1571 1486 erit,
1607 1396 1732 1496 stepen-

98 1519 207 1595 'dilios
229 1522 314 1595 enim
338 1516 489 1596 Aibatrr
513 1517 658 1605 meliori,
687 1541 749 1614 quo
771 1515 915 1616 poffirm,
940 1518 1035 1594 niodo
1061 1525 1180 1618 juniore
1210 1519 1369 1620 defidero,
1405 1515 1446 1595 is
1466 1520 1587 1617 vestroe
1607 1512 1731 1593 Domi-

98 1640 232 1714 notioni
253 1662 369 1713 monus
388 1662 431 1712 ex
456 1640 571 1713 intimo
592 1635 689 1712 corde
710 1634 907 1734 exosculor:
941 1635 1112 1730 Lacernae
1135 1662 1171 1737 4.
1196 1636 1304 1742 jonii
1323 1663 1410 1715 anno
1431 1643 1536 1732 ¹⁶30·

215 1873 310 1960 Quin
342 1874 454 1948 immo
478 1869 718 1969 Ratiiponam
735 1869 864 1961 delati,
907 1871 968 1953 vbi
998 1897 1044 1948 eo
1069 1884 1234 1972 tempore
1253 1873 1434 1953 ..Caesarea
1460 1872 1629 1970 lllajelias
1649 1893 1728 1949 mo·
1874 1868 1878 1874 ’

101 1993 267 2076 rebatur,
313 1992 358 2066 ab
385 2015 429 2099 ea
464 1992 602 2082 nedum
637 1988 879 2084 gratiofillime
916 1993 1080 2089 excepti,
1133 1994 1195 2070 led
1232 1995 1344 2086 etiarn
1378 2016 1464 2070 cum
1495 1990 1644 2068 Litteris
1679 1990 1728 2067 ad

101 2110 307 2210 Principem
331 2108 548 2198 Sanelliurn,
572 2110 686 2186 'sunm
717 2109 756 2183 in
784 2111 866 2188 aula
885 2112 1072 2210 pontificia
1088 2112 1257 2208 'legatum
1292 2114 1330 2189 in
1355 2112 1408 2217 rei
1441 2112 1621 2208 gerendae
1646 2131 1726 2206 gra·

93 2231 192 2306 tiam
221 2227 506 2326 ponderofiffime
526 2224 667 2327 'scriptis
695 2227 822 2307 dimilli
849 2231 940 2307 sunt.
995 2231 1036 2306 Ρ.
1054 2231 1205 2306 Maurus
1231 2232 1349 2308 noller
1374 2233 1483 2309 datae
1503 2231 1633 2309 inaean
1657 2250 1726 2303 noe

94 2375 158 2425 210.
192 2346 343 2443 Augusti
373 2347 503 2422 eodem
531 2369 628 2422 anno
654 2347 775 2424 Roma
795 2347 993 2448 epistolam
1027 2346 1159 2428 hanam
1182 2352 1428 2450 apographum
1443 2347 1610 2454 ,irrclulin
1627 2367 1725 2448 quat

97 2469 164 2544 hic
191 2467 396 2568 iqlerendaa
423 2466 618 2543 duximus:
737 2502 742 2509 ·
1701 2468 1705 2475 '

307 2752 812 2858 rnnnrunoouc

191 2936 353 3022 lllullrie,
379 2935 513 3020 fidelis,
539 2934 677 3013 dileite.
725 2931 937 3033 Expediunt
955 2932 1070 3025 isthuc
1093 2935 1132 3014 in
1153 2937 1277 3018 vrbem
1301 2934 1455 3021 Praelati
1480 2935 1565 3012 Ord
1587 2935 1626 3012 S.
1644 2930 1718 3011 Be·

89 3055 229 3133 neditti
252 3081 274 3130 e
296 3055 433 3131 Sneuia
460 3056 641 3149 ablegatos
662 3055 742 3130 suos
769 3053 866 3130 viros
896 3051 1111 3148 Reliffl'osos,
1152 3071 1193 3135 vt
1222 3058 1319 3156 apud
1353 3055 1589 3133 Santiitntem
1615 3051 1718 3130 suam
1766 3144 1771 3153 ⁵

93 3175 241 3272 negotia
267 3175 314 3250 ad
341 3173 651 3249 conseruationem
679 3175 717 3252 dr
739 3173 1005 3263 incrementum
1024 3173 1227 3272 Religionis
1258 3176 1341 3250 suae
1361 3172 1582 3272 pertinentia
1593 3170 1716 3247 ,solici-

92 3308 193 3382 tent,
218 3307 327 3393 atque
355 3293 393 3369 id
420 3292 556 3369 solicite
584 3303 863 3390 praecaueatur,
904 3294 1059 3393 nequid
1091 3295 1130 3368 in
1160 3293 1452 3370 concurrentium
1482 3289 1716 3369 multitudine
1748 3378 1754 3388 ¹

87 3417 325 3511 impetretur,
351 3415 448 3510 quod
473 3412 590 3487 ordini
615 3411 768 3508 ipsorum
797 3408 1069 3507 praejudiciale,
1100 3413 1249 3491 Nostrae
1270 3438 1356 3491 vero
1384 3410 1579 3489 intentioni
1598 3408 1715 3501 restil-

90 3522 219 3626 limae,
258 3544 299 3608 vt
318 3532 511 3628 unicuique
537 3531 597 3606 lua
622 3530 853 3606 restituantur
877 3531 915 3605 dt
946 3531 1215 3619 conseruentnr‚
1251 3533 1473 3640 contrarium
1499 3530 1568 3607 elle
1591 3540 1713 3629 queat.

90 3653 247 3729 Demilie
268 3640 418 3749 proinde
438 3652 664 3745 rogantibus,
690 3662 730 3726 vt
757 3649 828 3723 hoc
847 3647 917 3724 loci
942 3652 1200 3748 protestionem
1225 3651 1368 3729 illorum
1389 3651 1559 3750 suscipere
1586 3650 1713 3745 digna·
1859 3711 1865 3724 .

87 3796 231 3858 remur,
260 3772 460 3847 clementer
480 3770 595 3844 deelle
624 3768 827 3854 noluimus,
855 3768 1009 3864 benigne
1034 3795 1100 3847 vos
1126 3770 1369 3870 requirentes,
1401 3769 1711 3869 quemadmodum
1759 3805 1766 3820 ·
1830 3842 1860 3865 ,.

82 3892 162 3988 jam
188 3891 327 3987 pridem
350 3888 481 3965 litteris
502 3885 650 3963 diuersis
671 3899 833 3962 mentem
859 3887 1014 3963 nostram
1039 3888 1261 3967 declaratam
1287 3891 1454 3968 habetist
1489 3888 1586 3966 nolle
1611 3889 1708 3971 Nos,

81 4024 128 4088 ut
150 4010 365 4086 Monalieria
390 4012 427 4089 dr
453 4009 550 4084 bona
565 4005 812 4082 Ecclefiastica
833 4006 1057 4084 auctoritate
1079 3997 1196 4087 nolira
1214 4009 1374 4085 restituta
1394 4022 1458 4084 aut
1478 4008 1706 4092 restituenda,

48 4129 52 4135 ’
81 4130 192 4207 nobis
218 4127 336 4202 insciis
362 4128 399 4203 δι
423 4128 550 4202 inuitis
575 4148 726 4224 qnomm
753 4123 915 4210 interest,
939 4125 1091 4204 aliorum
1118 4129 1235 4206 vsrbns
1259 4127 1491 4227 applicentur.
1553 4126 1606 4216 Vt
1624 4149 1707 4224 pro·

87 4250 174 4324 inde
198 4249 328 4323 horum
353 4247 612 4343 Religiolorum
636 4235 899 4321 solicitudinem
922 4247 1133 4324 austoritate
1161 4247 1280 4323 nollra
1305 4244 1483 4344 Imperiali
1514 4245 1706 4344 adjuuetie.

86 4368 239 4465 ipsisque
265 4367 466 4465 ubicunque
489 4364 598 4440 suerit
626 4364 826 4449 neceffum,
861 4365 1239 4468 inconsequentiam,
1274 4391 1368 4466 quae
1397 4365 1706 4475 justeposiulant,
1755 4352 1768 4361 ”

84 4513 173 4586 ope,
208 4487 408 4583 patrocinio
443 4491 481 4566 er·
513 4483 765 4581 suffragatione
803 4482 916 4561 vestra
952 4485 1053 4564 viam
1098 4485 1297 4564 faciliorem
1329 4486 1510 4592 reddatis,
1550 4488 1705 4583 benigne

84 4608 189 4687 vobis
219 4605 469 4702 injungimus:
502 4607 598 4703 qnod
632 4604 759 4680 auditu
789 4603 895 4680 noble
925 4605 996 4682 erit
1027 4605 1285 4701 gratiffimom
1318 4606 1494 4706 vobisque
1528 4609 1638 4683 cedet
1663 4608 1703 4682 in

81 4730 317 4840 commodum
347 4727 483 4824 gratiae
516 4723 666 4802 Nostrae
695 4722 917 4824 Imperitia,
954 4748 1027 4822 qua
1056 4724 1302 4824 benigniffime
1338 4727 1443 4808 vobis
1475 4725 1702 4806 inclinamur.
