4276 5670
343 507 348 514 .
849 382 1275 512 »σωθῶσι
1792 420 1868 505 ers

244 598 331 681 na.
368 555 541 670 amoos
571 591 652 670 uos
683 591 748 668 vn
773 578 933 671 sanan
949 589 1137 666 umen.
1187 584 1274 664 ruo
1297 585 1406 685 digne
1427 582 1578 663 nomine
1602 559 1663 661 rm
1680 605 1767 669 vere
1785 581 1865 684 spr-
1963 645 1970 663 .,

244 712 396 799 rihrolis.
435 714 570 808 rigidus
597 712 647 787 soi
671 706 830 810 corporis
853 720 988 787 tortor:
1029 706 1281 789 meditationis
1312 704 1429 783 studio
1459 704 1732 791 additiiffimus,
1762 703 1867 780 disci·
2070 731 2074 739 ·

245 836 366 934 plinae
391 835 626 909 monachicae
650 831 785 945 zelator
809 830 996 929 strenuus:
1025 849 1154 929 tomus.
1172 850 1369 926 pauperum
1397 828 1520 909 Pater.
1554 836 1595 904 vt
1619 822 1645 897 sr
1669 847 1742 899 non
1773 820 1867 920 ipsis·

246 950 334 1029 fima
366 951 554 1037 miracula,-
604 948 787 1039 mirandis
817 954 939 1051 maren
966 947 1131 1051 proxima
1164 947 1210 1022 de
1239 943 1346 1044 ipsius
1375 943 1586 1036 liberalitate
1612 941 1867 1020 exhaustiffimi
1977 1034 1980 1039 ,

245 1070 425 1149 Coeoobii
448 1073 577 1155 rebus,
611 1051 845 1167 celebrentur.
920 1060 1145 1144 Transiit'ad
1167 1065 1354 1143 meliorem
1387 1064 1500 1143 eitam
1526 1062 1699 1159 singulare
1727 1061 1866 1140 ordinis

246 1204 506 1270 ornamentum
529 1192 575 1292 sl.
602 1190 644 1266 C.
676 1198 777 1287 1637.
807 1203 863 1272 28.
883 1183 1020 1285 Aprilis
1043 1182 1250 1286 Hirfizugr'oe
1273 1168 1319 1261 ad
1344 1164 1457 1285 pedes
1490 1180 1528 1261 S.
1560 1179 1729 1267 Wlhrlmr'
1757 1181 1868 1279 sepuls

247 1323 326 1396 tus.
372 1333 455 1385 cum
490 1310 614 1385 omnia
650 1306 932 1406 Wrrtsmbcrgr'oe
961 1304 1151 1382 coenobia
1178 1305 1305 1382 multis
1328 1304 1450 1382 modis
1478 1301 1723 1389 demeruillet,
1758 1301 1870 1379 nullis
1957 1395 1960 1399 y

183 1469 192 1482 .
247 1431 447 1526 sumptibus
469 1446 533 1526 pro
558 1427 698 1504 honore
733 1426 872 1503 ordinis
901 1422 1126 1527 pepercisset,
1163 1425 1208 1500 ab
1237 1423 1321 1520 iphs
1347 1423 1571 1501 Acatholicis
1604 1421 1704 1500 haud
1738 1422 1869 1503 leuiter

246 1549 463 1649 deploratus.
509 1544 614 1626 Haec
636 1548 698 1628 ibi.
747 1545 892 1643 Confer.
915 1545 1077 1644 couog.
1103 1544 1156 1623 ΡΙ.
1179 1544 1324 1643 Weing.
1351 1538 1517 1643 ejusdem
1540 1541 1667 1622 uocet

333 1854 792 1946 noummcos
841 1850 1231 1943 crunnum
1285 1877 1313 1938 r
1360 1852 1784 1968 messuro,

787 2033 1054 2119 noers
1102 2032 1337 2116 xxxur

315 2311 318 2315 ·
351 2251 555 2357 Wolsgoogr'
581 2248 805 2357 Cirijlopiori
828 2253 975 2333 Nomen
1002 2250 1042 2331 io
1067 2250 1252 2352 Baptismo
1275 2250 1433 2329 inditum
1463 2250 1515 2328 est
1546 2249 1633 2327 huic
1653 2248 1771 2330 nostro
1796 2251 1872 2332 Ab·

248 2372 344 2462 bats,
390 2374 494 2468 cujus
529 2375 634 2451 Pater
668 2375 800 2451 eodem
835 2372 1118 2475 compellabatur
1151 2372 1301 2451 nomine
1335 2371 1424 2448 teste
1457 2372 1496 2447 P.
1520 2369 1716 2461 Bucolino,
1757 2382 1873 2451 mater

249 2493 381 2572 Horren
396 2518 429 2568 ro
452 2492 605 2581 maon,
644 2505 754 2569 natur
776 2493 828 2570 est
856 2515 915 2593 24.
939 2491 1071 2571 hiensis
1086 2493 1237 2596 Augusti
1254 2500 1350 2593 anno
1377 2507 1480 2586 1398.
1530 2493 1756 2570 Monachum
1775 2496 1873 2592 apud

249 2637 319 2690 nos
348 2612 526 2711 profestos
548 2610 599 2687 esi
628 2634 683 2688 σι.
706 2612 831 2689 marui
858 2617 961 2710 1615.
1003 2612 1186 2693 Primitiae
1210 2610 1405 2690 celebrauit
1434 2635 1488 2709 17·
1520 2611 1645 2688 Martii
1675 2614 1715 2688 in
1738 2612 1898 2692 Domi?

249 2734 334 2809 nica
359 2731 512 2808 Lauare.
566 2730 683 2808 Patris
709 2731 791 2828 ejus
812 2733 952 2811 obitum
982 2732 1149 2812 describit
1165 2735 1228 2811 cit.
1254 2732 1415 2808 Diorium
1436 2731 1477 2809 P.
1502 2731 1641 2835 Krmsri
1668 2730 1777 2811 nostri
1800 2734 1875 2810 hoc
1977 2785 1982 2793 ·

252 2853 382 2953 modo:
432 2853 543 2953 Anno
571 2859 672 2947 roro.
707 2879 737 2929 r.
757 2853 838 2953 Jan.
870 2853 910 2930 ln
932 2851 1098 2931 Llrbrnou
1120 2853 1268 2951 profesti
1302 2852 1383 2929 sunt
1416 2851 1458 2927 P.
1480 2849 1639 2958 Jocoiur
1668 2852 1759 2954 Piae
1778 2854 1872 2932 Sub·

250 2968 363 3070 prior,
402 2969 442 3051 dr
473 2968 512 3047 P.
544 2971 706 3048 lllicolaor
731 2973 888 3074 Hearing
916 2974 966 3051 ad
999 2969 1137 3049 nobilem
1167 2972 1348 3074 Domimorr
1381 2969 1643 3074 Clrrijlopiorom
1676 2972 1904 3079 Loynmrn„

252 3093 365 3190 nostri,
386 3088 504 3166 Patris
538 3090 711 3169 Dorrrirrr'cr'
746 3105 918 3195 potentem
956 3084 1153 3192 periculose
1180 3092 1472 3170 decumbentem.
1550 3092 1627 3169 Sed
1650 3092 1775 3170 viuum
1797 3117 1871 3170 nou

251 3208 499 3293 offenderuot;
549 3233 636 3288 narn
672 3211 733 3289 ille
760 3212 835 3313 ipso
863 3215 935 3290 hoc
965 3213 1037 3290 die·
1052 3233 1164 3294 mnne
1188 3213 1281 3296 hora
1308 3234 1394 3311 pura
1421 3212 1482 3312 pie
1506 3210 1546 3288 in
1580 3211 1739 3289 Domino
1771 3212 1872 3290 obie-

251 3341 327 3416 rat,
367 3327 564 3427 requiescat
595 3331 633 3406 in
661 3354 761 3431 paee.
810 3372 861 3392 ·-
909 3371 959 3390 -
1006 3371 1057 3391 ·-
1105 3355 1141 3428 3.
1169 3329 1394 3432 smmum
1428 3330 1594 3410 Dominus
1627 3330 1873 3436 Cin'slopiorar
1999 3326 2004 3335 ¹

252 3445 430 3553 [aymam
461 3450 530 3525 suit
565 3451 721 3548 sepultus
750 3452 788 3528 in
820 3452 992 3554 Eschmo,
1038 3450 1087 3528 de
1115 3453 1244 3530 matris
1278 3451 1380 3529 obitu
1413 3476 1486 3528 non
1519 3455 1665 3531 constat.
1702 3454 1872 3532 Sororem
1987 3538 2001 3553 ,.
2078 3494 2084 3504 ·

252 3591 395 3667 quoque
423 3569 548 3647 habuit
581 3570 781 3651 Monialem
806 3573 861 3651 M.
900 3570 1082 3672 lherefiam
1113 3571 1200 3650 Ord.
1231 3574 1270 3650 S.
1303 3571 1479 3651 l’rancisci
1514 3572 1577 3654 bic
1601 3572 1872 3657 meardenae
1934 3670 1947 3693 ³
2065 3666 2068 3675 ,

252 3685 490 3789 Alrdorffeofi,
524 3700 564 3768 vt
585 3714 632 3764 ex
655 3691 787 3769 eodem
810 3691 851 3768 P.
883 3691 1047 3793 Gregorio
1073 3691 1191 3768 maus
1215 3692 1364 3771 constat.
1390 3676 1398 3691 ⁸

348 3924 430 4002 Post
453 3927 571 4005 varias
600 3929 754 4029 mifflones
784 3954 875 4030 quas
906 3931 944 4009 in
968 3930 1195 4011 Monasteriir
1223 3933 1464 4013 reformandis
1494 3933 1651 4020 obierat.
1693 3933 1796 4011 Prior
1819 3934 1874 4012 fa·

255 4047 335 4125 sios
366 4047 417 4123 est
442 4048 481 4124 in
512 4046 687 4125 Veldlirch
715 4073 812 4125 anno
842 4059 944 4147 1⁶31.
976 4053 1015 4130 dr
1038 4034 1200 4130 demum‘
1226 4078 1281 4132 12.
1309 4053 1473 4133 Ostobris
1494 4077 1591 4131 anno
1621 4055 1873 4154 1637.Abbas

254 4165 548 4264 weingartensis.
597 4167 759 4245 Praesuit
784 4195 899 4248 annos
920 4194 1029 4270 prope
1051 4183 1110 4267 3⁶·
1137 4186 1303 4251 mortuus
1326 4198 1423 4252 anno
1446 4184 1550 4272 κύῃ.
1581 4198 1637 4269 15.
1656 4174 1755 4271 Sept
1781 4173 1872 4269 posi·

252 4307 365 4383 quam
393 4286 453 4362 die
475 4311 510 4383 7.
536 4286 700 4383 ejusdem
729 4292 861 4366 mensis
882 4306 977 4367 onus
999 4291 1177 4368 abbatiale
1203 4299 1434 4396 refignooerar.
1466 4374 1470 4380 ,
1512 4293 1642 4370 Incidit
1667 4295 1705 4368 in
1732 4281 1873 4370 difficil-

251 4401 341 4479 lima
365 4418 547 4507 tempora,
587 4407 730 4506 peffime
753 4409 901 4487 habitus
927 4411 1064 4489 nedum
1098 4412 1252 4490 aSuero
1275 4415 1410 4499 milite,
1461 4413 1521 4490 sed
1549 4412 1752 4513 Caesareano
1783 4438 1873 4512 quo·

234 4544 325 4635 ¹mre
352 4548 517 4600 necnon
548 4523 640 4601 boio:
674 4542 713 4603 vt
750 4542 892 4610 taceam
919 4556 983 4607 eas
1015 4534 1176 4631 presuras
1202 4540 1239 4613 dr
1263 4535 1487 4622 asilidiiones,
1527 4557 1618 4632 quas
1642 4533 1873 4630 perferendas
2038 4524 2042 4533 ’

252 4640 382 4718 habuit
406 4645 450 4719 ab
477 4645 539 4728 iis,
586 4644 647 4744 qui
671 4647 847 4748 defendere
880 4654 1089 4728 debuerant.
1164 4653 1240 4749 Sed
1264 4653 1374 4735 satius
1402 4655 1453 4730 est
1481 4667 1601 4730 tacere
1623 4677 1734 4753 quam
1762 4651 1872 4753 loqui.

252 4761 362 4840 Nunc
390 4764 426 4837 Ρ.
457 4763 638 4864 Godesridi
664 4765 817 4869 Rediog,
847 4769 920 4870 'qui
949 4772 1012 4851 sub
1032 4774 1165 4970 eogem
1196 4775 1340 4855 abbate
1361 4774 1552 4854 Dominioo
1576 4775 1685 4860 vixit,
1711 4775 1874 4875 adeoque

880 4925 885 4931 ·
958 4976 960 4980 ,
1113 4916 1218 4983 noa
1817 4918 1864 4976 ve
