4276 5670
291 343 347 428 bb
578 284 580 288 Α
691 436 695 443 .
862 342 1323 465 *ww*
1480 429 1485 439 f

273 472 422 599 *medio
445 518 612 616 reliftia,
646 518 795 610 Dehinc
814 519 1057 627 defluentibus
1086 521 1249 599 fenestris
1273 522 1311 603 dr
1339 517 1500 596 trabibus
1533 508 1924 600 contundentibus

289 629 532 730 ,incumbente
550 639 716 732 „vastiori
747 640 884 717 ardoris
919 640 1091 736 voragine
1123 652 1200 717 tam
1232 651 1352 715 truces
1392 640 1431 716 dc
1473 637 1659 714 horrificas
1691 639 1925 727 flammarum

37 784 52 803 ¹
160 859 161 863 Ἴ
296 759 474 860 procellas
500 750 669 837 vomebat
701 757 931 844 incendium,
969 757 1066 849 ficut,
1080 758 1200 834 solent-
1230 757 1355 837 ethnei
1386 767 1532 831 montes
1572 780 1620 830 ex
1641 756 1829 853 penalibus
1857 779 1924 851 an,-

296 880 363 981 tris
396 879 578 953 succensos
609 878 772 975 sulphure
800 877 924 972 globos
952 888 1046 952 tetro
1074 877 1239 953 anhelitu
1264 899 1444 958 excreare.
1500 866 1687 952 Accede're
1711 887 1836 951 autem
1861 897 1924 949 co·

296 1000 421 1076 minus
444 998 502 1074 vix
531 994 659 1092 aliquis
687 999 843 1072 audebat
863 1009 1006 1094 propter
1027 997 1204 1091 fragorem
1222 994 1424 1081 ,imbricum
1451 998 1546 1098 quas'
1568 994 1749 1091 crepitans
1773 994 1924 1071 flamma

295 1117 517 1214 displodebat
543 1128 691 1214 eratque
719 1128 833 1192 terror
855 1117 1074 1202 vehemens,
1097 1137 1181 1191 cum
1214 1115 1348 1210 ignitas
1364 1112 1498 1190 crustas
1525 1114 1716 1193 flammeus
1739 1117 1845 1189 turbo
1862 1114 1924 1190 di·
1980 1138 1983 1142 ’

295 1235 490 1339 spergeret,
540 1240 619 1310 unde
651 1245 743 1311 etium
784 1242 881 1310 multo
907 1256 962 1331 quc
997 1241 1029 1309 ln
1057 1239 1115 1309 toli
1143 1226 1304 1331 uerrffitote
1331 1239 1452 1320 militer
1476 1229 1553 1326 ficri
1568 1231 1747 1331 poturffeut.
1775 1237 1923 1332 impedir-

288 1357 418 1449 bontur.
473 1355 580 1430 Adeo
605 1365 729 1430 autem
759 1353 797 1429 in
829 1364 904 1429 tarn
945 1353 1133 1430 miserabili
1169 1353 1271 1429 clade
1304 1350 1419 1427 animi
1454 1374 1548 1448 pene
1586 1351 1751 1428 omnium
1781 1351 1924 1449 trepida

296 1472 546 1571 desperatione
578 1473 788 1571 torpebant,
834 1484 874 1549 vt
903 1472 992 1548 nihil
1020 1478 1056 1548 dc
1084 1477 1206 1575 claustri
1233 1475 1405 1548 liberatione
1432 1471 1624 1569 quisquam
1647 1450 1833 1565 ‘cogitaret
1862 1470 1925 1546 sed

293 1593 359 1689 alii
393 1592 540 1690 quidem
574 1599 715 1667 moniales
755 1582 843 1688 quas¹
873 1580 1023 1690 oloserm
1062 1592 1272 1669 incendium
1303 1587 1524 1681 concluserat
1553 1589 1691 1687 eripere
1723 1590 1779 1688 ἦ).
1843 1589 1923 1665 Alii

259 1784 263 1790 .
296 1736 383 1791 vero
407 1717 498 1786 libror
523 1710 729 1809 &queque
754 1711 900 1788 mobilia
930 1711 1119 1787 extrahere
1145 1711 1377 1795 festinabant,
1412 1721 1586 1808 erantque
1609 1709 1649 1784 in
1673 1710 1836 1786 maximo
1864 1710 1922 1787 di·

296 1831 462 1908 ferimine
483 1844 560 1905 tam
583 1854 641 1907 res
667 1854 776 1929 quam
797 1816 946 1927 corpora
965 1831 1156 1909 hominum
1181 1833 1314 1930 posta,
1341 1831 1428 1906 dum
1450 1827 1514 1928 qui
1540 1827 1674 1924 deforis
1698 1829 1850 1906 aderant
1872 1810 1930 1905 de¹

295 1934 368 2031 suis
395 1946 520 2036 soliciti
551 1947 717 2046 periculis
746 1950 792 2026 ad
825 1950 967 2046 propria
988 1963 1212 2040 remearent,
1245 1948 1417 2028 &libere
1441 1947 1516 2043 jam
1545 1947 1644 2026 nullo
1674 1947 1836 2024 obllante
1858 1968 1924 2046 per

217 2059 237 2121 ἕ
295 2092 397 2167 omnes
423 2067 555 2162 officinas
585 2071 628 2154 θ’
649 2077 774 2162 ungulos
803 2073 923 2168 claustri
946 2070 1096 2146 flamma
1117 2058 1318 2148 discuteret.
1381 2066 1516 2144 Taliter
1538 2091 1623 2171 uero
1655 2065 1924 2164 inextinguibili

295 2184 370 2283 jam
402 2185 695 2289 concrematione
732 2187 770 2264 in
801 2187 907 2295 sacris
940 2189 1116 2291 grassante
1152 2190 1281 2279 edibus
1316 2192 1461 2287 protom
1498 2192 1621 2284 quidum
1662 2191 1705 2276 θ’
1734 2189 1923 2265 mourut

295 2305 561 2405 trepidantibus
592 2308 630 2385 dr
658 2329 790 2383 manus
818 2308 925 2385 adse
955 2309 1191 2414 tendentibus
1220 2303 1317 2405 quali
1344 2306 1520 2385 auxilium
1542 2307 1649 2382 laturi
1675 2308 1925 2385 fraudulenter

278 2425 331 2502 'se
360 2425 571 2522 ingerebant
593 2448 729 2523 eosque
757 2425 937 2523 exemptis
964 2428 1009 2500 ab
1034 2426 1117 2522 igne
1143 2426 1324 2504 sarcinulis
1345 2428 1521 2522 nequiter
1535 2425 1749 2525 spoliabant,
1771 2439 1921 2524 eratque
1969 2444 1974 2452 ·

296 2544 432 2642 duplex
463 2543 665 2631 tribulatio,
713 2545 806 2621 dum'
827 2544 1068 2633 incendio&
1100 2546 1184 2641 fuga
1220 2543 1432 2644 periclitatis
1465 2570 1596 2622 manus
1631 2570 1704 2622 non
1734 2556 1924 2643 parcerent

190 2715 194 2719 -
296 2663 476 2742 scelerate.
523 2663 647 2741 Sicut
676 2662 788 2740 solent
811 2664 993 2760 naufragis
1025 2665 1178 2763 turpiter
1205 2663 1357 2740 abstrahi
1387 2688 1431 2740 ea
1462 2689 1547 2763 qne,
1566 2689 1658 2763 pene
1689 2665 1780 2742 nudi
1812 2663 1924 2742 mari·
2000 2653 2004 2663 ’

296 2784 356 2860 nis
389 2781 555 2859 llutlibus
581 2785 799 2859 extulerunt.
862 2783 1005 2860 Hisita
1031 2781 1262 2882 pernoctem
1296 2785 1402 2879 gellis
1430 2784 1506 2860 estu
1530 2786 1703 2884 paulatim
1732 2776 1922 2863 fatiscente

298 2905 483 3008 maurum
508 2900 664 2998 ingrelbs
700 2901 787 2978 &si
818 2904 906 3002 quid
942 2909 1136 3001 duretque
1164 2903 1350 3003 superesset
1384 2904 1571 3002 explorare
1601 2905 1804 2983 volentibus
1831 2904 1923 2983 noui

247 3094 255 3101 .
296 3018 433 3101 doloris
457 3019 496 3098 dc
523 3021 680 3098 horroris
704 3023 843 3117 efigies
869 3023 1078 3124 apparebat,
1118 3008 1208 3100 dum
1235 3023 1409 3101 delirufto
1444 3024 1562 3099 Altari
1596 3030 1672 3121 quod
1693 3033 1786 3128 priore
1801 3038 1922 3101 ‘conco-
1979 3047 1985 3059 ·

98 3218 115 3229 μ
161 3204 164 3209 .
245 3212 248 3221 ,
295 3165 372 3220 uum
394 3152 479 3227 erm,
504 3140 686 3217 ruinosum
706 3133 888 3237 quoddam'
916 3158 1054 3240 pateret
1081 3146 1260 3220 baratrum
1285 3143 1324 3217 in
1354 3166 1426 3242 quo
1442 3147 1528 3240 socri
1550 3147 1669 3219 cinnes
1691 3144 1830 3242 sparsim
1847 3146 1922 3237 sca·

294 3255 439 3350 tebant,
477 3261 676 3358 exquibus
707 3259 904 3337 hincinde
929 3261 1089 3357 disjeftis
1115 3271 1175 3338 uix
1203 3267 1317 3358 aliquid
1340 3261 1458 3356 colligi
1480 3274 1640 3358 poterat,
1665 3268 1742 3361 qnod
1759 3266 1800 3338 ud
1822 3266 1923 3359 crufi-

226 3417 229 3420 ⁴
295 3389 460 3458 orationem
489 3378 581 3477 ipsius
606 3377 735 3454 Altorr'r
762 3380 932 3476 prolicere
961 3381 1189 3478 imposterum
1217 3382 1444 3499 aliquatenus
1472 3379 1648 3477 potuisset.
1704 3383 1833 3460 llllultis
1865 3385 1922 3461 iu·

295 3501 473 3580 terimex
494 3498 659 3593 congesta
673 3498 808 3575 doloris
823 3500 861 3575 dt
876 3501 1034 3595 Angoris
1051 3502 1204 3577 materia
1219 3500 1257 3576 in
1275 3500 1442 3595 ambiguo
1463 3500 1718 3578 liucluantibus
1733 3503 1825 3577 adeo
1842 3504 1922 3600 spes

259 3618 266 3629 ’
295 3644 407 3721 parua
443 3617 500 3697 vel
531 3617 630 3694 nulla
658 3619 746 3704 fnit,
787 3631 827 3695 rt
855 3642 900 3694 an
929 3620 1049 3695 locum
1081 3621 1283 3696 desererent
1309 3644 1355 3693 an
1389 3630 1534 3717 tempus
1562 3624 1838 3720 quoquomodo
1864 3646 1922 3700 re·

295 3734 480 3819 dimerent
503 3737 736 3816 indefinitum
773 3739 912 3835 prorsus
936 3751 1045 3835 atque
1079 3738 1256 3814 incertum
1285 3737 1481 3827 haberent,
1515 3739 1647 3837 quippe
1669 3740 1730 3838 qui
1754 3741 1792 3815 in
1816 3755 1922 3820 tanta

296 3859 539 3941 amaritudine
567 3855 713 3932 consilio
737 3857 867 3954 priuati
876 3858 980 3954 'quid
1008 3857 1223 3955 potiffirnum
1257 3859 1431 3953 eligerent
1456 3860 1632 3963 discutere
1658 3860 1722 3935 vix
1741 3860 1922 3940 valebant.
1998 3910 2004 3923 ·

164 4013 179 4023 -
295 3979 384 4061 Aba
411 3989 535 4055 tamen
566 3977 612 4051 ad
639 3975 708 4051 Dei
738 3977 969 4052 clementiam
995 3979 1226 4055 trahebantur
1250 3979 1413 4075 suspiria,
1438 3991 1478 4056 vt
1506 3981 1570 4078 qui
1594 3981 1698 4079 erigit
1729 3980 1855 4067 elisos,
1880 3972 1937 4071 δι’

295 4097 600 4177 sanat-contritos
631 4096 757 4184 corde,
802 4094 880 4194 post
908 4110 985 4172 tam
1019 4097 1216 4174 dolendum
1250 4102 1288 4176 dr
1322 4098 1519 4174 miserabile
1551 4099 1735 4174 excidium
1762 4100 1922 4180 misereri

295 4219 505 4314 dignaretur
537 4214 685 4291 aaran.
752 4214 993 4311 Aporiabatur
1031 4230 1154 4291 autem
1185 4215 1281 4293 inter
1309 4219 1377 4294 hec
1407 4219 1502 4295 mala
1528 4218 1715 4316 magisque
1749 4224 1923 4303 omnibus

296 4338 379 4416 aliis
402 4333 655 4411 conterebatur
678 4333 802 4409 anima
826 4337 955 4411 Domini
975 4334 1130 4421 Abbotr's,
1158 4358 1242 4412 cum
1267 4337 1443 4413 Laborem
1466 4335 1526 4410 cui
1549 4339 1642 4413 vires
1662 4340 1741 4413 suas
1760 4339 1922 4420 sufficere

295 4483 371 4536 non
391 4455 543 4557 putabat
570 4448 685 4529 subire
710 4466 917 4550 cogeretur,
946 4456 1004 4532 sed
1027 4455 1206 4534 suscitauit
1228 4456 1266 4531 in
1299 4482 1344 4531 eo
1371 4457 1472 4532 Deus
1501 4457 1660 4553 spiritum
1692 4460 1843 4547 bouum,
1879 4475 1922 4540 vt

1871 4587 1923 4660 de
1978 4618 1983 4626 ·

337 4721 373 4804 ‘)
395 4719 455 4786 Ner
475 4724 543 4780 eutr
564 4736 613 4779 uer
629 4716 692 4802 post
712 4714 786 4779 bour
807 4696 897 4782 lorum
914 4699 1075 4805 quidquam
1094 4717 1130 4784 dc
1147 4716 1322 4786 mucoribus
1334 4716 1466 4803 scimus,
1508 4742 1567 4786 uon
1586 4721 1662 4788 uude
1681 4720 1816 4808 ipsumam
1836 4730 1920 4812 apud

381 4846 443 4896 nou
463 4829 562 4902 orlrrr,
593 4842 642 4889 ner
662 4825 809 4891 inultus,
