4276 5670
849 397 1269 485 eaoeQOoe
1798 412 1865 485 151

340 572 394 646 Et
415 570 439 645 fi
462 570 653 646 facultates
678 570 860 667 praefatae
883 570 1062 645 Ecclesiae
1087 572 1186 657 sune,
1212 571 1311 658 Deo,
1335 571 1440 667 cujus
1462 593 1521 645 res
1545 567 1699 666 geritur,
1738 592 1869 645 conce·

250 691 375 774 deute,
408 690 544 765 suerint
575 691 612 763 in
639 690 820 799 posterum¹
842 700 985 766 tanturn
1011 703 1284 784 augmentatae,
1321 692 1421 788 quod
1447 692 1494 765 ad
1525 689 1685 765 ssbmisla
1711 690 1870 764 sufficere

247 810 394 907 pollicit,
417 807 562 884 valeant
588 809 651 904 ipsi
676 809 899 906 Praepositus
917 811 955 886 dc
982 809 1192 906 Capitulum
1219 810 1399 903 ejusmodi
1425 833 1490 908 pro
1514 820 1678 905 tempore
1703 806 1868 882 exsisten-

247 942 324 1012 tes,
349 949 473 1003 creare
498 930 536 1004 dr
560 927 729 1002 ordinare
751 927 790 1000 iii
814 928 944 1003 eadem
966 928 1121 1002 Ecclessa
1148 930 1350 1023 Di'giiitctrs,
1392 928 1580 1016 Pcrj‘onstiu
1611 928 1649 1005 di
1676 924 1785 1019 ΟΜ
1815 925 1867 998 ei·

246 1048 331 1122 dem
354 1043 536 1120 Ecclesiae
562 1048 600 1123 si
628 1046 872 1123 Ecclefialiico
899 1047 1005 1122 statui
1026 1048 1297 1145 compederitia,
1331 1069 1494 1121 necnon
1522 1047 1641 1137 plures
1665 1047 1867 1119 emmam

245 1167 283 1245 dt
304 1168 514 1260 prcdmdcs,
556 1166 627 1238 alia
650 1166 790 1262 insuper
812 1166 937 1241 omitia
962 1170 999 1245 di
1035 1167 1171 1262 singula
1196 1167 1327 1242 statuta
1360 1169 1398 1243 dr
1424 1166 1692 1250 ordinationes,
1730 1163 1769 1239 dr
1795 1162 1868 1238 alia

244 1306 495 1382 qinecumque
517 1305 584 1379 per
608 1284 811 1381 praefatum
837 1285 1036 1361 Dominum
1067 1287 1253 1362 Comitem
1282 1285 1377 1360 circa
1401 1284 1602 1380 praemissa,
1630 1282 1720 1357 alias
1740 1294 1865 1358 tamen

243 1403 313 1479 rite
331 1403 427 1478 fasta
442 1404 480 1481 di
498 1403 684 1487 ordinata,
710 1403 953 1500 praesentibus
970 1404 1160 1501 apostolica
1177 1404 1388 1481 austoritate
1407 1402 1682 1488 confirmamus,
1703 1400 1868 1498 apostoli-

244 1544 359 1619 coque
383 1520 589 1597 mimimiiie
613 1525 835 1599 roboramus,
872 1524 1036 1606 Quorum
1069 1525 1285 1600 statutorum
1317 1523 1356 1599 dt
1387 1522 1677 1608 ordinationum,
1714 1521 1753 1596 in
1786 1518 1867 1617 qui·
1976 1598 1979 1603 ,

244 1642 311 1718 ius
340 1662 474 1715 omnes
505 1643 545 1718 dr
579 1638 733 1735 singulos
762 1642 941 1728 desettus,
983 1665 1074 1738 quos
1106 1645 1144 1718 in
1187 1643 1328 1718 eisdem
1365 1641 1615 1716 interuenielse
1647 1638 1866 1736 reperimus,

244 1760 373 1836 eadem
402 1760 629 1836 Austoritate
642 1759 884 1856 supplenimus
918 1759 1184 1858 &supplemus
1211 1785 1274 1858 per
1301 1760 1504 1857 praesentes
1536 1772 1684 1836 tenores
1714 1760 1774 1834 liis
1798 1782 1866 1832 no-
1914 1769 1921 1780 '

173 1864 178 1889 ’
244 1877 474 1964 mislteris,
509 1879 584 1975 ipso
609 1879 769 1954 Domino
797 1879 945 1954 comite
965 1879 1138 1956 instanter
1165 1893 1332 1978 petente,
1378 1880 1426 1954 ad
1457 1890 1667 1976 perpetum
1701 1877 1754 1954 rei
1789 1899 1867 1952 me·

245 1990 398 2074 moriam
422 1996 597 2072 duximus
627 1999 873 2074 annetiendcs
896 1999 1162 2096 praemissisque
1181 1999 1324 2077 statutis
1354 2002 1395 2078 dr
1421 1997 1711 2078 ordinationibus
1736 1994 1865 2094 adjun-

246 2118 393 2214 gendos.
464 2117 538 2199 Qui
560 2127 707 2216 tenores
734 2116 930 2214 sequuntur
953 2120 992 2194 iii
1016 2118 1109 2194 haec
1133 2119 1243 2198 rerba
1267 2118 1457 2198 videlicet:

338 2354 478 2432 Statuit
503 2353 628 2452 itaque
660 2352 842 2430 Dominus
871 2356 1009 2434 Comes
1035 2357 1333 2454 praenominatus
1367 2380 1411 2432 ac
1441 2355 1556 2436 voluit
1588 2356 1628 2436 dr
1662 2350 1862 2436 ordinauit,
1985 2423 1987 2427 .

247 2475 342 2574 quod
368 2477 524 2550 cedente
553 2472 610 2549 vel
641 2474 844 2549 decedente
880 2476 1082 2571 Praeposito
1124 2479 1241 2556 dittae
1272 2476 1452 2552 Ecclesiae
1490 2479 1526 2552 in
1560 2472 1863 2551 Bettenbrunnen

248 2597 359 2670 Etcstio
383 2593 554 2691 Praepositi·
581 2591 749 2687 ejusdem
777 2591 956 2670 Ecclesiae
980 2597 1027 2672 ad
1049 2596 1158 2694 ipsius
1181 2596 1362 2672 Ecclesiae
1391 2596 1430 2671 in
1461 2597 1760 2672 Bettenbrunnen
1792 2591 1865 2668 Ca·

246 2714 415 2812 pituitam,
465 2715 503 2789 dc
537 2710 702 2803 ejusdem
735 2714 902 2809 Praepofitr‘
938 2702 1133 2810 Confinriatr'o
1170 2721 1212 2788 cd
1239 2718 1408 2791 maim
1431 2714 1594 2791 Aiiaten.
1618 2713 1800 2814 Morrijlcrir'
1828 2719 1863 2784 r'ii

249 2833 445 2926 Wringcrtcii
463 2829 603 2905 ordinis
626 2816 747 2909 snat
774 2833 964 2911 Beneditti
994 2835 1110 2912 distae
1142 2834 1422 2910 Constantienlis
1448 2832 1630 2910 Dioecesis
1655 2833 1787 2909 debead
1822 2828 1862 2903 in

246 2964 351 3026 antea
379 2962 554 3048 perpetuo
585 2973 805 3048 permanere.
880 2955 995 3028 Elatia
1014 2978 1117 3038 vero,
1147 2952 1221 3028 siue
1245 2961 1371 3050 receptio
1397 2957 1435 3034 dr
1461 2953 1623 3029 admisfio
1645 2955 1863 3026 emonem

238 3071 405 3166 ejusdem
429 3069 624 3153 Ecclefiae,
669 3071 731 3168 qui
751 3095 880 3148 omnes
903 3071 941 3146 in
968 3072 1167 3149 sacerdotio
1206 3075 1342 3150 debent
1364 3075 1434 3150 elle
1467 3071 1668 3159 constituti,
1710 3071 1862 3168 spatiare
1935 3138 1938 3147 .

245 3190 387 3269 debebit
419 3190 468 3265 ad
491 3188 700 3286 Prccpofitrtrir
733 3193 771 3268 dt
805 3195 977 3289 &pintan
1008 3192 1126 3283 tnssmn
1165 3198 1260 3268 imai
1292 3194 1449 3288 &obstac
1527 3189 1745 3288 cujusmodi
1783 3187 1864 3287 qui·

245 3310 325 3386 dem
358 3307 555 3386 elettiones
584 3309 695 3385 libere
728 3310 805 3385 sieri
837 3312 972 3387 debent
1002 3311 1197 3391 secundum
1221 3315 1358 3398 Deum,
1407 3317 1445 3392 dr
1476 3336 1560 3388 cum
1589 3310 1745 3408 puritate
1774 3330 1861 3385 con·

245 3427 453 3514 scientiam*
475 3429 513 3505 ἀ
540 3429 622 3526 plus
654 3431 774 3524 dignis
805 3433 842 3508 dr
873 3433 1014 3506 idoneis
1047 3433 1205 3530 personis
1240 3434 1342 3508 omni
1384 3432 1497 3528 specie
1528 3430 1743 3507 simoniacae
1780 3451 1863 3530 pra·

245 3547 367 3624 vitatis
400 3547 556 3629 semota,
597 3549 811 3625 cessantibus
848 3551 1066 3646 quibuslibet
1089 3553 1193 3638 odio,
1217 3551 1341 3627 fauore
1359 3554 1476 3647 gratia
1500 3555 1539 3629 dc
1562 3551 1710 3636 timore,
1733 3547 1781 3624 fic
1805 3559 1860 3625 ta·

246 3686 324 3743 men
346 3667 662 3765 quod·celebtata
686 3670 814 3767 quauis
844 3669 1019 3748 elettione
1049 3671 1088 3746 δι
1125 3672 1288 3764 cuiusuis
1325 3670 1491 3747 canonici
1525 3670 1733 3765 receptione
1770 3693 1860 3744 mox

248 3797 326 3863 ante
355 3784 670 3862 confirmationem
701 3788 761 3863 seu
786 3789 1033 3866 admissionem
1065 3791 1104 3864 in
1134 3790 1376 3887 possessionem
1409 3787 1624 3885 hujusmodi
1664 3785 1859 3884 Praepositi

249 3905 300 3981 rel
318 3902 516 3989 canonici,
554 3927 619 4002 per
636 3905 813 4001 eligentes
840 3908 898 3986 vel
925 3909 1140 4004 recipientes
1165 3911 1384 4006 praetatios,
1422 3908 1574 4006 conficitur
1605 3905 1698 4003 ipsus
1728 3909 1860 3983 Domini·

252 4023 384 4112 sinitis,
425 4025 640 4121 suorumque
667 4025 705 4100 in
734 4027 851 4113 disto,
889 4027 1063 4107 Dominio
1097 4032 1143 4104 ad
1174 4018 1347 4107 Saniium
1390 4029 1558 4103 blontem
1595 4024 1669 4101 sue
1700 4023 1859 4102 burednii

252 4136 313 4216 tine
327 4140 526 4241 fiiccefforaiir
548 4155 757 4221 reuerenter
776 4146 979 4242 requiratur
1001 4149 1041 4223 in
1065 4149 1136 4223 hac
1165 4160 1279 4245 parte.
1347 4145 1573 4245 Praepositus
1597 4145 1739 4242 insuper
1760 4148 1859 4242 ejus·

253 4255 328 4339 deut
351 4259 531 4338 Ecclesiae
552 4283 623 4359 pro
642 4251 807 4361 ternpore
828 4264 997 4342 exsistens
1025 4268 1132 4345 ditiis
1158 4267 1356 4345 canonicis
1386 4270 1425 4346 di
1450 4264 1637 4362 Capitulo,
1659 4265 1772 4345 veluti
1801 4291 1860 4344 re·
1889 4328 1892 4337 .

199 4454 204 4461 ,
257 4395 329 4455 uera
353 4381 544 4477 Priapum
566 4382 683 4460 dittae
707 4384 906 4474 Ecclesiae,
939 4388 996 4464 vel
1018 4390 1232 4464 eorumdem
1259 4390 1357 4484 Caput
1380 4391 1424 4473 δ’
1450 4386 1633 4474 eonon,
1673 4384 1713 4460 in
1740 4384 1859 4463 omni·
1914 4458 1923 4470 .

225 4594 236 4601 q
259 4491 367 4579 itt&
396 4499 559 4605 fingulis,
583 4492 787 4600 praesertim
813 4506 1092 4585 celebrationem
1111 4507 1348 4592 Diuinorum,
1374 4508 1413 4585 dr
1432 4504 1610 4581 Diuinum
1637 4504 1775 4582 cultum
1800 4529 1860 4582 re·

175 4646 186 4665 ·
260 4613 488 4706 biennum,
528 4642 598 4698 nec
619 4644 694 4700 tion
726 4623 807 4700 aliis
834 4626 1001 4720 ejusdem
1026 4626 1203 4703 Ecclesiae
1229 4626 1378 4704 subditis
1406 4626 1593 4722 virtusque
1624 4626 1728 4702 sexus
1755 4650 1858 4724 prae·

264 4730 460 4826 ‘fis-debet,
504 4737 544 4818 ἅ
573 4740 778 4825 mimarum
808 4746 1020 4831 eorundem
1059 4771 1165 4825 curam
1202 4742 1401 4845 poeticen
1441 4766 1566 4842 gerere
1602 4745 1640 4822 di
1676 4768 1857 4824 exercere.

1717 4865 1855 4970 lpfique
