4276 5670
1718 152 1723 161 '
1958 148 1984 207 Ι

356 377 464 477 ‘ase
727 457 733 468 ,
1003 370 1526 479 »eomer

113 570 119 580 ‘
262 648 264 653 ,
351 535 486 639 sunni
507 553 707 655 fignificare
729 527 901 635 voluisset
950 552 1002 632 Et
1028 556 1111 633 sane
1131 554 1278 656 buanto
1299 557 1339 634 in
1362 557 1460 636 hanc
1481 558 1683 642 Notionem
1702 557 1837 639 seratur
1857 552 2025 645 saottitas'

391 679 456 757 sira
477 675 638 760 adsestu,
669 675 809 752 nedum
838 676 911 751 hoc
933 675 1075 774 publico
1097 675 1254 756 consessu
1275 676 1462 766 omnibus,
1501 678 1561 756 sed
1588 681 1626 758 dr
1640 680 1754 757 uobis
1775 679 1858 759 solis
1887 683 1925 758 in
1952 682 2026 781 pri·
2120 679 2124 685 “

392 804 480 877 ento
503 794 932 894 colloquio‘manifesiare
951 795 1101 892 dignata
1129 795 1198 882 eu,
1237 795 1409 883 asserens,
1456 795 1492 877 se
1523 821 1673 876 omnem
1695 813 1911 878 nauaturam
1939 798 2025 899 ope·

390 905 490 1005 sam,
515 926 570 993 'rt
590 913 757 991 Concilio
780 927 846 993 aut
871 912 1036 992 Tridenti
1055 916 1236 992 'restituto
1262 926 1326 992 aut
1352 915 1437 995 aiibi
1466 916 1571 1012 juxta
1594 917 1779 996 caesareae
1805 918 2025 1018 Maiestatis,

393 1035 618 1132 aliorumque
647 1031 857 1131 Principum
876 1033 1104 1113 voluntatem
1132 1033 1330 1124 inuocato,
1360 1036 1482 1114 unitas
1498 1027 1595 1113 'fidei
1621 1059 1693 1136 pax
1715 1037 1754 1116 de
1779 1039 2026 1139 tranquillitas

391 1155 433 1234 in
460 1155 631 1230 Romano
662 1152 819 1250 irnperio
854 1151 1071 1231 restituatur.
1152 1155 1203 1231 Et
1235 1151 1322 1230 ideo
1356 1155 1392 1231 se
1431 1153 1690 1232 Reuerendum
1726 1155 1874 1236 sratrem
1920 1159 2026 1238 suum

389 1272 608 1374 ‘Episcopum
631 1271 886 1357 Ferentinum.
910 1272 975 1372 qui
999 1272 1090 1350 olim
1114 1272 1227 1369 hujus
1255 1271 1363 1371 ipsrus
1397 1274 1544 1351 concilii
1582 1272 1699 1350 cauda
1735 1275 1773 1350 in
1805 1277 2026 1373 Germania,

394 1398 443 1476 er·
459 1412 582 1492 'nuper
608 1389 805 1487 Salisburg'i
835 1392 970 1481 suisset,
1010 1393 1057 1470 ad
1076 1392 1338 1493 Imperatorem
1366 1393 1557 1489 ablegasse,
1589 1394 1853 1484 indicaturum,
1885 1396 1920 1472 se
1944 1422 2023 1474 non

338 1505 342 1512 ’
390 1510 504 1594 totum
530 1510 695 1588 Tridauti
725 1509 786 1586 sed
818 1509 857 1588 de
885 1511 1085 1607 Augustae,
1118 1523 1183 1588 aut
1212 1504 1431 1611 ubicumque
1461 1513 1623 1589 locorum
1653 1514 1855 1593 conciliumv
1879 1527 2026 1613 apertu·

391 1636 490 1714 pam,
521 1609 629 1709 eique
658 1607 924 1717 perseipsum
954 1608 1221 1708 praesessorem,
1268 1607 1296 1685 si
1326 1613 1440 1687 modo
1466 1622 1612 1709 optatus
1628 1610 1771 1687 ’exinde
1798 1611 1926 1709 sperari
1947 1614 2025 1691 sru-

393 1732 477 1827 stus
497 1727 619 1829 posset.
669 1725 709 1802 In
737 1719 869 1821 eodem
897 1727 1110 1805 Cousrsiorio
1131 1728 1293 1803 summus
1319 1724 1491 1804 Pontifex
1515 1729 1562 1804 ad
1583 1728 1732 1808 Curiam
1752 1731 2025 1812 reformandam

392 1848 592 1950 deputabat
631 1845 703 1922 hos
740 1847 802 1922 sex
840 1845 1071 1925 cardinales:
1125 1844 1300 1923 Tranium
1329 1845 1480 1935 scilicet,
1524 1844 1766 1938 Theatinum,
1805 1848 2022 1939 Mororum,

392 1969 652 2069 stromatum,
686 1966 735 2043 de
758 1965 870 2052 Cibo,
906 1967 949 2047 dr
967 1965 1109 2045 Polum.
1157 2005 1208 2025 ·-
1254 2005 1306 2024 -
1349 2003 1404 2028 ·-
1452 1965 1621 2062 Maiestas
1655 1965 1832 2056 Caesarea
1858 1968 2026 2048 Ludoui·

303 2079 305 2082 ’
391 2091 547 2181 ωω,ἀο
572 2085 683 2165 Auiia
706 2085 911 2183 supremum
933 2087 1052 2171 crucis
1072 2083 1200 2167 viridis
1231 2082 1272 2162 in
1298 2081 1477 2163 Ascantra
1505 2085 1736 2183 Magistrum,
1770 2088 2023 2192 Romanorum

389 2212 471 2291 Rex
497 2209 545 2286 D.
567 2206 769 2287 Martinam
799 2204 959 2282 Gusmen
987 2208 1028 2286 dr
1050 2204 1234 2283 Comitem
1257 2201 1454 2302 cipiannm
1479 2205 1529 2282 de
1550 2207 1668 2292 Arce.
1712 2208 1941 2288 &Caesaris
1960 2208 2023 2285 Fr.

388 2333 462 2413 iius
487 2326 743 2427 Hispaniarum
763 2323 936 2425 Princeps
955 2323 1040 2401 Don
1063 2325 1203 2401 Gomes
1233 2325 1281 2400 de
1301 2320 1821 2422 Fiperoa.s⁴'ratreui⁴comitis
1845 2329 1893 2405 de
1914 2326 2025 2407 Feria

387 2451 563 2548 Legatos.
580 2443 738 2523 Romam
763 2445 1019 2530 decreuerunt3
1059 2446 1147 2520 dato
1170 2441 1359 2540 ·uegotio‚·
1382 2453 1424 2521 ut
1453 2443 1625 2521 Pontifici
1658 2446 1891 2527 submissionis
1922 2450 2024 2526 obse·

388 2571 518 2673 quium
554 2565 792 2666 praestarent,
837 2563 1101 2662 obtentamqne
1125 2561 1352 2658 Dignitatem
1385 2561 1660 2656 gratularentur.
1731 2565 1874 2665 Insuper
1902 2567 2021 2647 Nobis

351 2692 355 2701 '
387 2695 508 2771 Roma
534 2684 770 2773 redeuntibus
796 2682 894 2761 obuii
916 2681 1001 2760 iasii
1024 2682 1064 2756 in
1090 2679 1151 2760 via
1176 2682 1257 2759 sunt
1281 2692 1424 2777 praeter
1446 2681 1538 2757 aiios
1564 2684 1803 2762 diuersarum
1816 2685 2022 2765 Natiooum

379 2799 527 2908 'idgator
550 2808 673 2883 Duces
694 2805 742 2897 de
763 2800 927 2879 ferraria
948 2800 988 2879 dr
1012 2800 1151 2880 Vrbiuo
1182 2801 1243 2877 sua
1264 2799 1405 2876 summo
1429 2801 1597 2883 Pontifici
1620 2817 1706 2883 vota
1731 2786 1869 2882 tristari.
1917 2805 2022 2885 Arn-

388 2929 491 3027 culos
516 2925 664 3005 iuterim
681 2921 993 3000 [informationem
1016 2919 1148 3011 Curiae
1165 2941 1340 3007 romanae
1362 2933 1626 3000 concernentes
1650 2923 1760 3001 celari
1780 2923 1900 3022 cupio.
1948 2927 2021 3003 Pa·

344 3102 347 3107 ‹
386 3058 533 3127 ternum
562 3055 687 3122 tamen
707 3040 902 3122 santtitatis
929 3040 1011 3116 suae
1038 3062 1123 3136 erga
1152 3062 1221 3114 uos
1238 3037 1432 3125 ,animum
1474 3042 1691 3141 ubicumque
1718 3043 1890 3142 expedire
1918 3043 2024 3127 vide*

294 3242 300 3265 x
351 3168 504 3261 'bitur,
529 3160 784 3265 depraedicare
806 3184 881 3238 non
902 3157 1137 3238 intermittes.
1186 3198 1237 3218 ·-
1285 3197 1336 3214 -
1384 3180 1445 3252 3ο.
1470 3158 1595 3280 Martii
1615 3162 1728 3238 Anno
1747 3175 1817 3241 etc.
1839 3187 1900 3259 50.

394 3478 407 3490 ,
480 3403 592 3483 Tanti
621 3402 780 3503 profesio
808 3417 893 3477 erun
915 3397 1024 3487 sacri,
1072 3407 1151 3476 tum
1177 3396 1320 3498 profani
1358 3395 1544 3496 Principes
1577 3399 1788 3480 Gerwicum
1821 3401 2026 3500 faciebant,

384 3538 427 3617 vt
455 3527 518 3610 vix
559 3522 695 3624 aliquid
725 3519 873 3616 Negotii
900 3520 1005 3605 esset,
1033 3519 1141 3615 -quod
1164 3516 1238 3615 ipso
1267 3516 1377 3594 inscio
1393 3527 1458 3593 aut
1487 3515 1720 3616 susciperent,
1767 3533 1832 3597 aut
1857 3503 2019 3604 finirent.

386 3651 495 3735 Adeo
515 3656 557 3726 vt
578 3665 693 3744 quum
715 3639 910 3738 aliquando
932 3632 1183 3742 Woiffgaugus
1202 3636 1400 3734 Episcopus
1422 3635 1657 3715 Passauiensis
1681 3639 1838 3716 certain
1858 3665 1899 3718 re
1911 3641 2027 3741 ipsus

381 3767 569 3867 consriiuur
588 3771 794 3862 expeteret,
818 3757 961 3856 ipseque
981 3755 1195 3852 grauiffimis
1215 3759 1366 3834 obrutus
1383 3753 1564 3835 laboribus
1586 3756 1847 3857 responfionem
1872 3762 2020 3853 diutius

381 3914 493 3998 qnam
511 3910 577 3988 pro
596 3882 673 3964 voti
691 3877 870 3968 differret,
887 3875 1088 3977 ¹Episcopus
1113 3875 1212 3955 datis
1233 3874 1315 3952 aliis
1330 3877 1376 3970 a)
1399 3898 1435 3972 4
1453 3876 1679 3975 Septembris
1706 3888 1804 3954 abno
1833 3904 1937 3976 ¹550·
1952 3882 2017 3963 lit.

380 4012 470 4095 teris
500 4009 549 4103 de
572 4000 801 4086 enodatione
824 3995 1063 4102 vehementer
1092 3998 1259 4098 questus,
1272 4050 1286 4059 a
1293 4016 1360 4092 per
1380 3995 1569 4075 Nunnium
1595 3999 1644 4075 de
1666 3996 1842 4076 industria
1865 4000 2016 4087 missum

380 4131 496 4212 sasire
522 4126 682 4230 petionis
717 4118 884 4212 damnus
920 4114 1038 4229 oppii,
1081 4115 1264 4221 petitque,
1303 4125 1346 4192 vt
1368 4121 1435 4192 oirr'
1459 4124 1625 4215 perperis,
1665 4119 1708 4206 θ’
1746 4121 1786 4192 oi
1806 4121 1942 4216 &rufin
1953 4124 2023 4223 sue

379 4260 480 4350 earne
504 4245 618 4347 exputfi
638 4247 773 4343 misereri
794 4245 947 4336 dignetur.
1005 4235 1065 4313 Sic
1083 4234 1196 4313 etiam
1222 4233 1592 4340 LuciusEpiscopus
1606 4235 1806 4328 Curieusrs,
1839 4244 1886 4320 ad
1902 4241 2019 4342 cujus

379 4365 685 4450 consecrationem
711 4361 836 4440 Abbas
868 4357 988 4435 noster
1019 4378 1104 4433 cum
1133 4354 1330 4431 Gebhardo
1360 4352 1507 4432 Abbate
1528 4354 1791 4435 Petersbusano
1826 4386 1849 4438 a
1874 4362 2021 4463 Joanne

378 4485 559 4569 Lundenfi
585 4475 759 4583 Episcopo
789 4474 1049 4557 constantiensi
1071 4474 1340 4587 Marispurgum
1380 4515 1430 4535 ·-
1469 4497 1569 4553 anno
1596 4502 1701 4577 1545.
1735 4503 1772 4578 4
1791 4480 1961 4581 Januarii
1979 4491 2019 4582 t)

378 4594 532 4693 recisus
556 4605 698 4694 suerat,
723 4598 814 4678 nihii
837 4596 913 4677 sin'e
931 4593 1092 4678 demto
1111 4592 1294 4685 ‘Consilim
1326 4616 1438 4709 quem
1464 4595 1594 4674 Patrem
1606 4601 1702 4698 Jiuoa
1723 4605 1767 4698 u)
1798 4603 2014 4705 ddedrffimrerr

1887 4733 2021 4810 unde·

419 4853 453 4935 r)
480 4851 561 4916 Yonr.
574 4867 627 4915 21.
647 4842 678 4931 fi
702 4857 776 4928 154·
856 4837 889 4923 t)
912 4832 1211 4941 T⁰Mdfi169f
1292 4835 1441 4936 iii-Tm·
1459 4827 1534 4922 es
1552 4834 1630 4923 4⁶4·
