4276 5670
256 374 306 457 ra
745 326 765 446 ⁸.
861 364 1282 462 'remma
1440 478 1443 485 p

118 515 120 519 ¹
257 537 326 618 bns
350 537 533 620 sud'nltam
556 540 782 631 aedificaret,
827 537 962 623 studuit
991 546 1128 625 etenim
1162 543 1357 625 ordiuitim
1379 550 1454 644 'per
1482 540 1598 645 pallus
1624 544 1884 647 'prouidentiae

245 657 308 738 'ad
329 660 479 738 honoris
502 659 681 760 fastigium
705 662 894 752 anhelare,
925 664 988 742 fub
1013 687 1087 766 quo
1110 669 1149 747 dr
1172 665 1211 742 in
1237 676 1357 742 aetate
1376 663 1457 761 jam
1477 665 1707 764 profediore,
1738 666 1886 767 dispen-

124 879 127 891 Δ
257 781 353 859 lator
376 781 551 859 studiosus
575 781 809 880 Praepositum
839 783 988 883 suscepit
1019 786 1192 865 officium.
1258 785 1299 862 ln
1331 808 1405 884 quo
1437 783 1608 883 equidem
1639 784 1883 884 negotiando,

256 899 396 976 talenta
419 898 481 978 srbi
505 900 689 979 commilfa
720 901 842 1000 exegit
865 902 1158 1002 multiplicando,
1194 916 1235 984 vt
1269 916 1442 1003 tanquam
1465 904 1587 980 seruus
1614 905 1812 1002 prouidens
1844 905 1886 984 dr

257 1017 296 1097 in
314 1022 431 1118 pauca
452 1019 589 1111 fidelis,
610 1021 713 1120 super
726 1020 928 1127 Ciuitatem
943 1025 1111 1102 collocari
1130 1017 1329 1105 mererenu
1344 1046 1367 1100 a
1380 1024 1541 1101 Domino
1559 1026 1855 1111 commendatus,

351 1258 465 1357 Igitur
495 1281 560 1359 per
591 1259 741 1341 honoria
773 1263 918 1341 culmen
954 1263 1135 1360 gradatim
1169 1264 1381 1352 ascendens,
1426 1267 1480 1343 st·
1498 1288 1527 1341 a
1549 1261 1670 1342 foelici
1704 1248 1891 1359 principio

255 1378 421 1459 foelicius
452 1402 518 1479 per
545 1380 711 1460 medium
739 1383 787 1460 ad
814 1381 1026 1462 foeliciffimi
1048 1382 1147 1460 'linea
1175 1385 1408 1484 adeptionem
1434 1382 1679 1470 contendens,
1716 1380 1886 1460 aennon

255 1500 424 1596 greffibus
448 1499 525 1576 srne
549 1500 660 1578 deuio
687 1502 915 1599 procedebat.
978 1505 1198 1583 Reuerendo
1225 1504 1339 1600 igitur
1363 1504 1551 1607 qnondam
1582 1503 1709 1590 Patre,
1743 1504 1781 1579 dr
1794 1498 1886 1577 :no-

254 1619 358 1697 mino
382 1619 614 1709 honorando,
638 1632 842 1698 memorato
866 1624 1022 1699 friderico
1041 1620 1183 1709 Ablata,
1210 1621 1351 1713 foelicis
1384 1623 1605 1711 memoriae,
1630 1622 1707 1720 post
1728 1619 1885 1696 laborio-

255 1740 334 1820 fum
360 1734 557 1836 praesentis
587 1739 696 1818 Vitae
726 1752 933 1829 certamen,
978 1743 1018 1818 in
1045 1741 1208 1818 coelestis
1235 1743 1337 1838 regui
1359 1740 1475 1840 patria
1506 1753 1654 1839 recepto
1678 1737 1886 1840 praedidus

256 1860 365 1937 Pater
395 1857 433 1936 dr
460 1857 643 1937 Dominus
680 1883 744 1957 per
773 1872 872 1939 retro
903 1865 1020 1940 attam
1043 1863 1221 1958 gestorum
1252 1860 1362 1959 ipfiua
1389 1860 1717 1957 commendabilem
1732 1856 1886 1955 bouita-

256 1988 358 2066 tem,
397 1964 540 2054 futurae
573 1978 784 2056 foelicitatis
818 1978 959 2059 cunttis
1000 1980 1065 2057 ibi
1102 1979 1411 2059 commorantibus
1447 1979 1611 2081 praebuit
1641 1978 1885 2075 conietluram

187 2109 199 2129 ·
255 2101 368 2183 adeo,
408 2107 450 2176 vt
477 2100 521 2175 ab
559 2096 669 2195 hujus
705 2084 913 2176 Monallerii
939 2098 1194 2178 confratribus
1223 2100 1350 2180 lanitiis
1388 2104 1428 2181 dr
1459 2099 1606 2178 deuotis
1636 2099 1686 2176 ad
1716 2095 1895 2195 vacantis
1937 2191 1953 2203 -

253 2216 443 2315 regiminis
467 2218 773 2316 gubernaculum,
819 2218 921 2299 velut
956 2219 1190 2325 Architetius
1218 2222 1398 2320 prudens,
1446 2219 1576 2297 melior
1606 2219 1646 2299 &
1679 2205 1916 2315 arpentum

253 2339 478 2426 aestimatus,
504 2335 675 2437 quamuis
704 2339 819 2416 etiarn
843 2338 939 2416 tanti
963 2340 1114 2416 honoris
1139 2364 1235 2416 onus
1262 2338 1491 2428 abhorreret,
1523 2351 1648 2417 tamen
1672 2335 1812 2414 inuitus
1833 2334 1884 2416 ad

253 2458 435 2540 Abbatiae
465 2457 685 2554 dignitatern
708 2456 872 2537 vnanimi
899 2459 1032 2555 gaudio
1062 2457 1275 2538 traheretmc

253 2670 265 2680 “
352 2699 448 2779 Cum
474 2710 599 2778 autern
633 2694 760 2777 diuina
792 2696 909 2794 gratia
941 2697 1214 2798 omnipotentis
1247 2697 1317 2776 Dei
1345 2697 1435 2778 huic
1467 2695 1685 2777 ldonallerio
1707 2667 1777 2798 'per
1800 2668 1902 2783 tarn=

253 2821 397 2924 prouidi
416 2820 571 2898 Pastoris
599 2819 801 2897 bonitatem
833 2817 1040 2916 prouidisset
1069 2818 1326 2920 circumspefta
1349 2843 1494 2897 morum
1517 2817 1799 2896 Conuersatione
1816 2818 1885 2930 ob·

253 2946 415 3029 seruata,
454 2939 594 3024 cuntlis
631 2939 669 3015 in
697 2937 874 3037 praesenti
900 2937 982 3014 loco
1015 2940 1345 3026 commorantibus,
1392 2961 1462 3016 nec
1490 2960 1563 3024 non
1595 2936 1886 3019 &bominibus

182 3116 198 3142 .
256 3059 316 3140 aa
338 3065 531 3159 eodenmque
556 3066 688 3136 monam
709 3059 948 3158 cadamitas,
982 3055 1021 3135 dt
1045 3057 1158 3135 verbo
1181 3060 1351 3157 &opere
1381 3056 1428 3133 src
1454 3055 1647 3136 amabilem
1680 3057 1716 3135 le
1746 3055 1886 3135 studuit

199 3225 203 3231 ·
254 3180 447 3267 exhibere,
487 3193 529 3257 vt
564 3177 720 3274 benigne
747 3175 856 3276 ipius
882 3175 1083 3254 honestatis
1105 3176 1219 3274 gloria
1243 3200 1319 3253 non
1348 3177 1462 3255 folum
1487 3177 1527 3254 in
1540 3172 1663 3278 prope
1687 3164 1886 3276 politorum
1929 3264 1957 3285 Α

254 3303 417 3388 auribus,
449 3298 647 3378 sedetiam
670 3299 777 3394 longe
814 3295 1024 3374 distantium
1050 3297 1244 3375 homiuum
1280 3303 1495 3396 personaret
1561 3297 1721 3407 Gloriosa
1742 3294 1887 3397 bospite-

252 3429 353 3501 litotis
375 3425 555 3498 manuae
579 3414 627 3493 stc
652 3412 779 3502 fiebat,
806 3417 904 3517 quod
930 3404 1053 3495 etiam
1070 3416 1139 3494 viri
1151 3406 1353 3514 'cujuslibet
1375 3404 1598 3495 conditionis
1622 3418 1759 3496 nullum
1781 3417 1885 3517 peni·

254 3553 317 3621 tus
348 3540 532 3641 patientes
553 3535 749 3636 repulsam,
771 3533 811 3612 in
839 3533 911 3612 hoc
936 3535 1156 3614 Mouasterio
1183 3537 1230 3612 ad
1253 3536 1390 3634 largam
1414 3539 1627 3618 cibariorum
1648 3522 1885 3633 rcfetlionena

252 3661 353 3743 boris
382 3658 557 3738 omnibus·
577 3656 831 3753 reciperentur.
904 3655 978 3732 His
1004 3668 1130 3733 autem
1161 3678 1255 3755 quos
1282 3656 1438 3734 Praelati
1465 3668 1542 3735 tam
1575 3659 1756 3757 praeclara
1782 3680 1886 3763 recep
1929 3730 1934 3739 .

159 3790 165 3795 “
251 3782 308 3880 pit
330 3778 547 3881 praesentia,
584 3776 750 3874 eiusdem
776 3783 887 3853 cuam
904 3776 1034 3874 strnue
1057 3797 1236 3854 manuum
1263 3775 1469 3874 largitatem
1496 3778 1689 3855 dulcorans
1712 3780 1886 3857 ammira·

251 3901 324 3982 bile
358 3899 532 3998 gaudium
563 3894 771 3996 generauit,
816 3895 1070 3992 &epularum
1107 3917 1300 3974 nurnemm
1340 3897 1587 3976 deletiabilem
1620 3897 1660 3975 dr
1688 3897 1884 3997 pretiolma

251 4020 403 4120 hospitis
424 4018 558 4095 facetia
580 4015 717 4116 hylaris
741 4014 780 4093 dr
807 4016 948 4115 copiosa
973 4027 1138 4093 mentem
1165 4015 1313 4113 pascens
1333 4005 1563 4114 praecellenti
1590 4003 1783 4095 dulcedine
1801 4026 1884 4118 per'·

251 4140 428 4219 condinit.
486 4139 576 4214 Prae
605 4134 777 4212 omnibus
812 4148 936 4210 autem
970 4138 1077 4213 rebus
1104 4157 1188 4232 erga
1216 4136 1439 4214 commillam
1468 4137 1533 4213 fibi
1558 4135 1787 4234 negotiorum
1813 4134 1882 4239 fpii

99 4288 103 4295 ·
187 4295 190 4298 ·
249 4259 436 4340 ritualium
461 4242 773 4354 &temporalium
803 4252 1084 4352 dispositionem,
1110 4253 1441 4333 &ordinationem
1465 4257 1679 4354 proficuam,
1705 4257 1794 4334 sicut
1819 4281 1885 4358 pa·

251 4377 465 4457 terfamilias
495 4376 656 4475 prudens
694 4375 732 4452 dr
756 4373 857 4452 rtilia
880 4374 1044 4471 prospero
1067 4372 1235 4470 vigilauit
1262 4376 1439 4472 procella,
1479 4377 1517 4454 δι
1549 4378 1674 4455 cunila
1702 4401 1795 4478 quae
1820 4376 1883 4478 ipfi

250 4495 468 4578 ldouasterio
483 4493 705 4578 introrsum,
720 4492 760 4571 dt
777 4492 938 4571 exterius
953 4493 1205 4594 pertinebant,
1231 4505 1490 4584 manutenens,
1516 4507 1680 4574 attentae
1700 4497 1885 4576 custodiae

250 4631 378 4696 tenore
409 4600 605 4709 uuicuique
634 4612 688 4690 rei
719 4634 879 4709 congruo
915 4616 954 4695 dr
987 4613 1211 4713 competenti
1242 4613 1282 4690 in
1320 4614 1485 4695 minimis
1523 4616 1637 4696 etiam
1676 4640 1752 4695 uon
1791 4619 1885 4699 dcli·

251 4733 372 4828 siena,
395 4733 616 4825 solertiibrue
651 4731 850 4830 adaptauit.
1531 4772 1535 4779 ·

1654 4864 1657 4869 ’
1723 4858 1883 4976 ,ΝΜ
