4276 5670
246 363 347 466 „4⁶4
813 448 816 453 .
879 362 1296 487 *mmm*

100 520 104 611 '3
178 518 192 653 5³¹
278 519 406 634 „nolt)
449 534 715 637 Oclrsenhqdmus
747 539 836 617 alter
862 539 1033 619 videlicet
1073 540 1116 617 R.
1156 539 1195 616 P.
1225 540 1392 640 Cosyoonu
1421 537 1553 628 Kreas,
1590 538 1629 614 in
1653 539 1901 637 pollellionem

12 650 178 735 ἓν]
278 659 392 748 „diiii
418 657 622 733 Monasterli
648 659 931 742 immiterentur,
971 682 1083 757 usque
1116 661 1204 735 duna
1230 658 1426 762 decreueria
1452 642 1628 735 sententia}
1661 660 1904 753 alllajellate

272 777 477 868 „Caesarea
500 775 619 861 lieret,
651 777 798 855 cuinam
821 779 914 877 parti
946 778 1203 858 Monasterium
1225 779 1424 855 deberetur.
1484 781 1632 858 [nterim
1655 792 1780 882 tamen
1798 783 1904 863 bona

273 953 297 986 „
310 895 515 994 hbnallerii
540 908 669 971 neutra
691 921 791 995 pars,
808 980 816 1003 Ι
832 899 892 974 sed
915 903 1031 975 artior
1053 901 1204 975 nomine
1228 899 1761 996 Imperatoris-administraret,
1797 900 1901 979 vide.

271 1015 390 1106 „licet
420 1015 464 1092 R.
489 1014 528 1090 P.
562 1015 754 1091 Benedictio
782 1014 899 1092 Rutulo
937 1016 1169 1120 Wablr‘ngenfis
1205 1030 1269 1114 pro
1305 1028 1468 1116 tempore
1512 1017 1615 1097 Prior
1647 1022 1684 1092 in
1700 1016 1901 1119 aVillingcu

217 1194 235 1229 „
272 1135 532 1234 „Episcopales
560 1135 645 1209 huic
671 1135 912 1242 Dominorum
934 1136 1264 1213 Commillariorum
1293 1136 1450 1221 Consilio
1470 1138 1522 1212 ita
1543 1138 1729 1221 eliensem,
1769 1151 1812 1214 vt
1841 1148 1914 1214 αι

273 1279 389 1344 „men
415 1254 720 1332 Reuerendiffimo
755 1255 816 1332 suo
840 1256 995 1353 Principi
1026 1255 1273 1339 referendum,
1313 1257 1352 1334 &
1375 1258 1454 1353 ejus
1474 1258 1575 1355 super
1593 1259 1672 1333 liae
1704 1279 1744 1333 re
1770 1257 1899 1333 decre·

270 1389 381 1465 „tum
413 1373 688 1472 exspeitandum
721 1375 890 1450 dixerint.
962 1375 1089 1473 ltaque
1120 1376 1303 1471 extemplo
1322 1376 1516 1472 expeditur
1545 1400 1675 1474 eques,
1719 1375 1785 1474 qui
1818 1379 1900 1456 aaa

270 1549 294 1583 ,‚
303 1495 470 1571 referret:
500 1517 595 1592 quae
617 1505 656 1568 vt
680 1493 1139 1591 Episcopoconstantiensr
1165 1493 1386 1589 placuerint,
1410 1493 1526 1571 ,baud
1552 1494 1766 1591 scripserimc
1802 1506 1900 1571 atta·

242 1594 248 1607 ¹
272 1637 388 1703 „men
414 1611 595 1710 religiosos
619 1614 744 1689 Patres
767 1636 814 1687 ex
838 1613 957 1713 Aegio
980 1612 1084 1688 diuite
1117 1613 1235 1688 nullos
1257 1612 1372 1707 misit:
1419 1615 1535 1719 inimo
1559 1615 1699 1712 iusuper
1722 1614 1898 1713 Praesed'o

268 1731 465 1835 „Horbmfi
488 1732 600 1828 juffit,
634 1744 675 1808 vt
697 1731 939 1828 juramentum
965 1732 1150 1808 fidelitatis
1173 1730 1330 1807 Patribus
1352 1734 1477 1809 ordinis
1505 1733 1715 1828 praestaret,
1739 1736 1840 1831 quod
1858 1733 1899 1811 de

140 1945 144 1949 ,
269 1852 431 1941 „fastum
459 1852 520 1927 elb
593 1851 664 1926 His
687 1854 837 1946 paradis
862 1850 1013 1937 Rotwilo
1036 1852 1239 1938 discellurn,
1277 1851 1316 1928 &
1348 1877 1382 1947 4.
1413 1853 1550 1950 Aprilis
1583 1876 1667 1929 cum
1700 1878 1759 1950 40.
1788 1853 1897 1953 equis

269 1971 382 2070 „plus
417 1970 539 2047 minus
564 1969 602 2047 in
632 1969 856 2047 Reicdcndocd
886 1983 1101 2066 peruentum
1125 1971 1188 2054 est.
1257 1970 1381 2047 Timor
1408 1968 1728 2074 Reicleoboceirfirm
1759 1972 1898 2049 incola·

269 2113 379 2180 „rum
411 2102 491 2165 erat
510 2089 661 2186 ingenst
694 2091 962 2177 rumor-enim,
996 2114 1071 2188 quo
1100 2094 1242 2169 audore
1267 2091 1404 2178 nescio,
1438 2093 1570 2189 sparsus
1592 2090 1681 2177 fuit,
1714 2092 1898 2175 Monalie-

225 2237 238 2249 ·
269 2209 395 2297 „rium
420 2210 731 2288 Reichenbacenle
755 2234 777 2285 a
801 2205 1009 2308 quingentis
1033 2211 1217 2308 equitibus
1243 2213 1281 2290 vi
1300 2213 1594 2307 expugnandum.
1644 2211 1791 2288 Subditi
1815 2228 1897 2311 pro·

269 2329 387 2418 ,',inde
411 2329 519 2405 rebus
546 2330 618 2406 suis
642 2330 853 2413 consulturi,
899 2328 1068 2428 pleraque
1095 2331 1240 2408 mobilia
1272 2333 1366 2408 bona
1396 2329 1467 2404 alio
1487 2344 1707 2417 auexeruot‚
1745 2333 1895 2410 eodem·

268 2468 371 2548 „que
393 2449 452 2526 die
480 2453 585 2547 quinti
606 2449 788 2548 Eoroogelir'
802 2448 928 2523 Prurco
942 2451 1029 2525 oller
1054 2452 1154 2544 (duo
1179 2453 1280 2527 enim
1304 2450 1354 2524 ibi
1377 2452 1719 2546 commorabantur)
1744 2449 1896 2547 injuffoa

269 2571 372 2658 „alio
395 2569 574 2664 migrauit
634 2567 784 2644 Domini
811 2567 1051 2664 Commillarii
1081 2573 1177 2647 reita
1199 2570 1248 2645 ad
1277 2567 1533 2647 Monasterium
1556 2567 1723 2664 pmfeui,
1762 2570 1897 2647 aPro·

270 2703 451 2780 „curatore
472 2688 615 2773 claues,
648 2686 945 2785 deditionemque
969 2688 1039 2762 loci
1065 2688 1295 2785 postulauere.
1357 2689 1393 2765 le
1417 2686 1533 2764 multa
1553 2689 1719 2775 conlator
1741 2691 1896 2770 taudem

270 2821 423 2907 „portas
448 2811 583 2906 aperit,
626 2808 750 2885 claues
774 2830 878 2891 vero.
920 2830 968 2882 ne
990 2808 1063 2884 dici
1084 2809 1195 2906 pollet
1216 2833 1280 2886 eas
1309 2807 1509 2892 tradidille,
1545 2810 1592 2885 ad
1608 2809 1787 2905 parietem
1807 2832 1896 2909 pen·

268 2928 402 3020 „dulas
426 2928 591 3005 ostendit.
643 2927 784 3003 Eodem
807 2927 927 3002 adhuc
954 2928 1096 3024 vespere
1110 2942 1267 3026 quatuor
1282 2951 1498 3025 campanae,
1530 2939 1604 3003 tres
1626 2927 1741 3021 justae
1764 2953 1810 3006 ac
1833 2931 1896 3006 de·

242 3050 395 3136 ,bitae
426 3047 704 3144 magnitudinis,
738 3060 866 3145 quarta
896 3046 1066 3142 paruula,
1123 3071 1146 3121 a
1180 3048 1487 3126 Reuerendiffimo
1521 3046 1679 3125 Domino
1708 3047 1896 3145 Suffraga-

266 3194 369 3259 „neo
393 3166 654 3244 Constantienli
684 3166 764 3241 sunt
796 3167 1016 3244 benedictae.
1054 3152 1246 3244 fllaxima
1281 3168 1317 3242 in
1349 3167 1525 3243 honorem
1553 3163 1592 3242 S.
1617 3167 1755 3242 lllorioe
1788 3169 1894 3270 Virg.

266 3289 336 3378 „in
372 3289 549 3364 honorem
587 3285 625 3363 S.
643 3286 792 3362 -Aorela
824 3285 936 3360 altera
965 3285 1153 3379 grandior:
1201 3288 1239 3362 in
1272 3287 1449 3363 honorem
1486 3285 1523 3364 S.
1543 3285 1718 3386 Gregorii
1751 3288 1895 3366 minor:

264 3407 335 3496 „in
369 3413 407 3484 S.
443 3411 478 3483 P.
510 3405 556 3481 D.
593 3407 769 3499 honorem
803 3405 967 3482 minima.
1040 3409 1179 3483 Amata
1208 3406 1350 3502 insuper
1367 3405 1525 3506 fidsrllio
1555 3428 1658 3483 more
1680 3408 1896 3486 Lutherano

266 3528 494 3617 „substruda
541 3527 662 3624 Mensa
688 3523 777 3601 item
799 3552 913 3600 coenae
939 3523 1148 3602 erlzeronoe
1164 3529 1322 3626 profanu.
1375 3527 1499 3626 Qatnu
1524 3525 1660 3623 Aprilis
1686 3520 1733 3602 ab
1762 3529 1896 3606 eodem

264 3646 602 3737 „Reuerendillrmo
635 3632 792 3721 Domino
827 3645 1061 3740 Sulliaganeo
1097 3647 1367 3722 reconciliatum
1404 3644 1587 3744 Templum,
1631 3647 1708 3722 Ara
1738 3647 1896 3724 Summa

266 3766 485 3856 „benediila
512 3787 596 3839 cum
621 3764 747 3838 abab
768 3763 955 3841 Coliciluo:
990 3767 1065 3841 duo
1089 3767 1149 3841 alli
1175 3768 1284 3841 serlus
1310 3765 1408 3839 allati
1429 3764 1595 3841 benedici
1623 3789 1697 3840 non
1728 3780 1895 3861 potuere.

262 3889 391 3978 „Tum
406 3882 749 3982 compulsationibus
769 3883 966 3979 Campanis
996 3885 1042 3959 Te
1058 3886 1166 3960 Deam
1182 3885 1353 3961 laudamus
1370 3896 1577 3969 cantatum,
1598 3907 1679 3960 aea
1698 3883 1745 3959 D.
1762 3886 1896 3964 Suffra-
1920 3984 1922 3988 Ι

264 4031 413 4104 „ganeo
446 4003 662 4101 reliquisque
692 4003 858 4081 Patribus
891 4005 1136 4082 Benedidinis
1159 4006 1282 4081 Sacris
1312 4016 1500 4099 operatum
1528 4003 1616 4089 fuit,
1665 4003 1895 4103 inspectanti·

146 4222 149 4228 Ι
264 4130 361 4217 „bus
387 4147 627 4220 magnacum
655 4122 813 4210 filontio,
845 4125 1050 4199 attentione
1071 4147 1115 4199 ac
1138 4125 1277 4222 stupore
1302 4124 1461 4199 subditis.
1531 4123 1675 4198 Deinde
1698 4125 1894 4222 juramen·

264 4259 377 4335 „tum
411 4243 597 4320 fidelitatis
626 4243 781 4339 petitum
815 4247 852 4321 dr
889 4244 1104 4341 praestitum.
1163 4245 1369 4320 Exhibuere
1407 4243 1458 4318 illi
1489 4244 1522 4317 le
1551 4243 1774 4341 aprincipio
1809 4247 1894 4322 satis

264 4365 477 4456 „difficilem
525 4360 572 4437 eo
592 4362 691 4460 quod
711 4385 786 4435 non
817 4363 868 4438 ita
894 4364 1034 4460 pridem
1063 4363 1175 4439 simile
1203 4365 1446 4458 juramentum
1471 4364 1746 4464 Adminislrutori
1783 4366 1894 4443 Wirt·

263 4484 474 4584 „trabergici
491 4482 651 4558 *Ducam
673 4479 854 4573 (haeredes
875 4487 961 4557 enim
983 4483 1079 4558 oront
1110 4481 1219 4558 adduc
1248 4483 1479 4579 minorennes)
1512 4483 1686 4578 praeliare
1720 4484 1893 4583 compulli

149 4635 153 4642 ·
264 4605 447 4695 „stillent
469 4612 473 4617 “
497 4601 634 4679 Verum
656 4601 904 4678 excusationes
928 4602 1020 4676 nihil
1044 4605 1223 4678 momenti
1247 4604 1420 4685 habuere,
1447 4602 1646 4698 parendum
1674 4602 1755 4678 fuit.
1818 4605 1894 4682 Nu·
1925 4594 1927 4598 ⁷

205 4822 209 4831 .
261 4747 415 4819 „merus
433 4721 671 4810 subditorum,
718 4720 781 4820 qui
814 4721 992 4818 jurarunt,
1033 4721 1147 4801 fertur
1179 4723 1227 4799 ad
1264 4732 1449 4799 trecentos
1479 4720 1678 4797 excurrilie.
1746 4722 1896 4800 Enituit

1015 4859 1020 4867 “
1764 4843 1895 4931 „inter
