4276 5670
253 554 326 628 dex
348 548 576 651 prouinciaiis
602 549 832 645 aduenerat)
876 549 918 623 D.
946 548 1132 625 Comitissa
1160 551 1201 624 do
1223 549 1414 650 Astenbnrg
1448 549 1590 653 (quarn
1612 553 1778 638 Viennae
1800 582 1879 660 pro·
1912 652 1919 661 Ι

253 672 458 749 mouendae
487 671 567 746 suae
591 669 729 744 caussae
755 668 872 765 gratia
896 682 934 745 vt
956 669 1069 745 fertur
1096 669 1229 761 duxit)
1252 669 1415 746 aduenit.
1450 728 1453 735 .
1788 662 1791 669 ’

246 955 247 959 .
350 856 393 986 3.
411 882 535 963 Martii
560 884 741 961 aduenere
772 882 816 960 D.
850 882 1041 979 Landrogt
1066 884 1104 961 dr
1127 879 1171 957 D.
1195 880 1292 958 Baro
1320 882 1360 959 de
1378 848 1469 965 slim.

274 1140 276 1144 >
351 1121 385 1196 5.
412 1103 519 1179 biart.
544 1097 683 1177 Milites
710 1096 818 1175 nostri
844 1095 1009 1201 abierunt
1039 1096 1078 1172 in
1108 1080 1205 1174 lest.

349 1337 405 1412 24.
435 1314 541 1417 Mart.
568 1312 648 1388 Ossa
671 1316 729 1391 seu
757 1312 929 1411 reliquiae
963 1311 1074 1389 Ducis
1104 1312 1359 1408 Lotharingiae
1385 1312 1503 1392 Caroli
1516 1373 1525 1406 ,
1560 1316 1794 1416 Imperatoris
1826 1317 1880 1395 so·

253 1431 357 1519 rorii,
389 1455 486 1507 anno
513 1442 614 1522 roeo.
653 1430 767 1534 Wrsfli
797 1431 955 1508 defundi
982 1424 1187 1531 Oe'niponto
1221 1434 1494 1530 lotharingiam
1529 1436 1763 1536 asportandae
1798 1438 1880 1515 scri·

253 1551 443 1628 bebantur.
489 1553 608 1635 Quare
636 1551 831 1649 Episcopus
851 1550 1130 1627 constantiense
1150 1552 1266 1644 juffit,
1302 1566 1342 1631 vt
1359 1555 1393 1628 in
1422 1554 1602 1652 parochiis
1625 1553 1706 1630 suae
1728 1556 1879 1634 Dioece·

253 1670 317 1759 sis,
352 1692 416 1771 per
439 1694 674 1769 quascunque
698 1671 977 1757 transferentur,
1016 1671 1269 1768 exciperentur
1292 1695 1425 1771 pompa
1449 1673 1608 1759 funebri,
1649 1676 1750 1774 pulsu
1780 1700 1874 1755 cam·

251 1813 447 1893 panarum,
483 1791 698 1893 processione
723 1805 794 1866 etc.
872 1789 946 1865 Sed
978 1789 1194 1885 nunciatum
1226 1791 1278 1868 est
1314 1790 1544 1893 campidona
1573 1818 1648 1873 non
1680 1796 1774 1884 hac,
1819 1798 1877 1875 sed

253 1932 317 2010 per
340 1911 624 2011 Memmingam‚
664 1910 809 1991 Vincam
831 1917 901 1985 etc.
928 1908 1188 1987 transferenda.
1319 1934 1333 1985 r

353 2156 409 2226 πό.
433 2151 530 2249 May.
554 2146 886 2226 Reuerendiffimus
907 2146 1026 2225 noster
1050 2169 1098 2223 ex
1122 2145 1317 2226 Zwifalten
1347 2150 1462 2226 redux
1489 2172 1558 2227 ceu
1582 2149 1722 2228 elesius
1740 2149 1880 2253 Praese:

250 2270 556 2375 Corrgregationis
573 2268 764 2353 Sueuicae.

305 2580 311 2585 Ι
351 2510 386 2574 4.
422 2484 520 2585 Junii
559 2485 659 2562 lsnse
680 2483 845 2562 Vifitatio
868 2481 1011 2570 habita,
1045 2506 1117 2581 quo
1146 2480 1184 2559 &
1217 2481 1545 2559 Reuerendissimos
1579 2410 1909 2591 ochsenhusanusel

253 2605 368 2687 venit.
418 2605 459 2683 In
488 2605 648 2682 Priorem
678 2605 787 2680 datus
813 2604 852 2683 dc
878 2602 951 2677 iilic
976 2601 1120 2681 reliitus
1136 2601 1186 2678 est
1205 2602 1323 2679 noster
1345 2602 1385 2678 Ρ.
1409 2600 1636 2702 Wrssgonpurs
1653 2602 1824 2685 lorcin.

266 2839 387 2919 ⁵7.
412 2817 494 2919 Jun.
519 2818 658 2896 Milites
684 2816 792 2897 nostri
818 2830 865 2893 ‘ex
887 2815 975 2893 Isess
994 2816 1148 2894 rediere.
1435 2792 1440 2799 ’

356 3082 386 3135 1.
422 3057 522 3155 Sept.
550 3039 681 3135 Adfuit
713 3058 756 3133 R.
781 3055 820 3131 P.
852 3054 953 3133 Prior
985 3054 1067 3133 eS.
1096 3055 1215 3132 Blasio
1244 3053 1451 3152 Hercyniae
1474 3078 1557 3131 cum
1600 3054 1645 3130 D.
1673 3052 1881 3135 secretario

255 3176 407 3255 Schmid
434 3177 739 3255 Reuerendiffimo
762 3176 882 3251 nostro
906 3179 1004 3251 notis
1032 3200 1079 3250 ex
1095 3175 1286 3269 salzburg,
1320 3175 1526 3274 Oeniponto
1546 3176 1700 3272 reduces
1727 3176 1765 3249 in
1794 3198 1882 3251 con·

192 3281 194 3285 ’
256 3295 426 3373 trouersra
463 3310 587 3372 contra
618 3297 825 3373 Austriacos
861 3295 1061 3382 Ministros,
1106 3296 1169 3392 qui
1201 3292 1296 3391 ‹puasr
1322 3293 1408 3391 jure
1436 3292 1609 3371 ‚Dominis
1638 3292 1883 3371 Territoriaiis

256 3417 510 3515 prohibebant,
539 3440 584 3490 ne
606 3415 816 3510 homagium
837 3415 970 3490 subditi
988 3412 1300 3490 Reuerendissnno
1322 3412 1538 3511 praestarent
1563 3412 1602 3489 in
1620 3412 1746 3491 Armis
1767 3412 1889 3499 Rome

256 3538 471 3636 bardisque':
508 3533 684 3611 sententia
705 3535 780 3611 iata
807 3557 872 3632 pro
891 3533 1035 3617 Abbote
1061 3533 1120 3609 seu
1144 3530 1398 3623 Monasterio„
1430 3570 1437 3589 ·
1480 3580 1509 3625 ·‚
1543 3611 1550 3625 ,
1588 3604 1591 3611 ,
1659 3586 1663 3593 -

358 3798 416 3869 23.
444 3773 544 3870 Sept.
578 3772 705 3848 Nouus
744 3771 822 3847 Rex
858 3769 1014 3846 Pruiiiae
1032 3779 1187 3871 creatus
1223 3771 1268 3845 ab
1296 3769 1512 3867 imperatore
1550 3769 1691 3847 Eiestor
1723 3768 1893 3847 starckio·

259 3893 583 3992 Brundensvnrginn.
634 3892 705 3976 Qni
735 3890 1018 3989 sequentianno
1049 3902 1101 3972 18.
1127 3890 1207 3988 Jun.
1236 3892 1481 3983 coronationis
1508 3862 1759 3993 solenitatem
1789 3890 1881 3966 cese·

259 4017 376 4092 brauit
395 4013 462 4115 fibi
492 4014 557 4112 ipst
584 4034 754 4087 coronam
782 4012 985 4107 imponens.
1036 4008 1120 4084 Fuit
1145 4010 1225 4083 Rex
1252 4010 1397 4102 agnitus
1427 4033 1449 4086 a
1476 4010 1679 4109 plerisque,
1725 4022 1888 4108 exeepto

258 4135 357 4232 Rege
382 4133 539 4215 Galliae,
579 4131 793 4230 protestante
817 4128 982 4225 inprimis
1009 4129 1136 4207 ordine
1157 4126 1371 4204 Teutonico.
1427 4130 1482 4206 At
1504 4144 1630 4207 conus
1655 4155 1777 4205 nonum
1801 4130 1882 4205 Ele·

259 4258 393 4334 storem
431 4255 571 4328 Ducem
607 4232 885 4328 Hunnoroeranum
919 4247 1178 4327 acatholicum
1216 4248 1337 4325 adhuc
1370 4246 1492 4346 aliqui·
1516 4248 1697 4349 principes
1736 4248 1880 4351 imperii

257 4374 549 4475 protestabantur.
686 4383 699 4410 ·‘

357 4637 414 4708 24.
439 4608 649 4714 Ratispona
665 4602 837 4687 relatum,
869 4604 966 4703 quod
992 4601 1175 4698 Principes
1208 4604 1351 4705 Imperii
1380 4607 1520 4703 Regem
1549 4602 1688 4685 (instinc
1713 4628 1781 4705 pro
1811 4608 1880 4685 Ga·

260 4733 378 4810 tantia
402 4742 690 4809 contraeontra
712 4722 912 4802 Eiestorem
939 4721 1201 4835 requiserint.¹
1247 4808 1250 4813 ,
1658 4714 1700 4787 .’

1767 4872 1823 4942 25·
1842 4846 1878 4925 In
