4276 5670
694 397 1118 492 *emet
1647 411 1722 494 145

191 584 305 661 Porro
327 583 461 659 eodem
483 581 596 658 Anno
636 581 684 652 dte
717 600 753 672 a,
779 579 921 653 oanan
952 575 1094 676 Jonas
1121 578 1256 652 illm
1283 574 1473 674 paciscitur
1502 598 1575 652 caat
1612 572 1727 653 octone

91 706 238 803 &scopa
268 698 484 804 &issonimfi
511 701 611 797 super
646 698 821 772 solutione
852 698 1054 792 primorum
1088 697 1288 782 fructuum,
1332 707 1374 773 vt
1402 699 1535 771 docent
1564 695 1727 773 litterae

90 822 263 924 praefatis
298 820 373 897 die·
393 823 433 901 dt
472 843 568 896 anno
606 819 735 905 datae,
779 814 975 913 inquibus
1011 813 1073 888 fibi
1105 815 1323 891 satissaltum
1348 815 1451 890 suilie
1476 815 1635 909 agnoscit
1657 816 1728 892 Ot·
1880 825 1890 845 ⁹

91 957 131 1021 to
152 943 355 1018 -Laudatua
385 938 592 1038 Episcopus.
668 935 740 1011 His
772 933 897 1041 positis
929 932 1118 1008 manifeste
1153 933 1311 1030 sequitur
1343 934 1620 1012 Essendorffium
1660 959 1727 1010 ane
1767 974 1774 985 ·

91 1088 161 1150 no,
199 1085 275 1160 quo
305 1059 487 1147 diximus,
526 1056 713 1136 vuluersae
740 1053 862 1130 caruis
892 1051 1028 1133 subiisse
1055 1051 1189 1135 fatum,
1228 1052 1386 1150 sepultus
1418 1054 1470 1132 elt
1501 1053 1543 1130 in
1576 1053 1727 1154 Capella

92 1183 131 1260 S.
152 1178 378 1257 Leonlrardl
776 1188 781 1193 ·

188 1417 305 1495 Anno
334 1429 436 1511 1398.
477 1418 494 1506 s
500 1412 686 1493 domestici
713 1409 905 1508 cujusdam
933 1409 1111 1509 scriptoris
1139 1411 1299 1488 narratio
1326 1411 1404 1506 est)
1446 1407 1599 1489 Annae
1622 1415 1727 1490 amec

96 1543 132 1614 de
167 1537 372 1628 Wrrdcaierg
398 1537 437 1614 dc
466 1535 648 1611 Dominus
672 1533 786 1609 Casiri
811 1533 857 1607 ad
887 1533 1056 1608 Montem
1088 1535 1280 1617 Sauslum,
1316 1530 1424 1627 vulgo
1447 1532 1726 1632 Hailigenberg,

95 1657 192 1734 circa
216 1655 330 1732 linem
363 1653 470 1731 seculi
511 1653 622 1751 hujus
658 1651 861 1727 Laudabili
888 1651 975 1727 Zelo
1006 1649 1207 1739 animatus,
1251 1649 1447 1728 Ecclesiam
1477 1652 1728 1734 Parocbialem

95 1777 133 1853 in
158 1774 481 1862 Bettenbrunnen,
506 1775 544 1853 in
572 1772 768 1851 Tetricorio
792 1772 873 1855 suo,
898 1792 1007 1869 prope
1032 1772 1131 1848 idem
1157 1771 1321 1848 Castrum
1354 1771 1604 1868 adjacentem,
1644 1772 1728 1851 libi·

96 1886 166 1998 qne
185 1896 269 1993 jure
299 1896 520 1970 Patronatus
543 1893 764 1979 obstriliam,
796 1890 960 1988 pluribua
992 1891 1134 1980 lundis,
1184 1887 1348 1966 censibus
1369 1914 1413 1967 ac
1435 1894 1638 1971 redditibus
1662 1894 1729 1970 do·

96 2029 174 2095 tare
209 2017 252 2096 dc
284 2034 416 2110 augere
446 2014 696 2100 constituerat,
737 2035 823 2088 eum
846 2011 883 2086 in
912 2013 1044 2097 finem,
1087 2024 1128 2086 vt
1150 2011 1342 2088 commode
1360 2011 1399 2086 in
1424 2011 1623 2091 Ecclesiam
1643 2011 1730 2091 Col·

95 2136 269 2234 legiatam
307 2134 513 2234 promoueri
553 2133 686 2235 pollet:
737 2143 953 2232 quapropter
978 2133 1092 2206 etiam
1113 2128 1330 2207 Laudabiles
1364 2130 1651 2211 constitutiones
1689 2134 1729 2212 δι
1774 2146 1781 2153 ’
1846 2169 1851 2175 ·

97 2256 230 2333 statuta
252 2256 433 2352 quaedam
458 2255 634 2355 (inferius
660 2252 873 2350 alleganda)
897 2250 1077 2334 confecit,
1103 2251 1148 2325 ab
1171 2273 1243 2325 vno
1265 2247 1486 2348 Praepofito,
1514 2256 1576 2353 qni
1602 2278 1727 2333 curam

97 2375 306 2452 animarum
330 2387 489 2472 gereret,
512 2374 551 2452 dc
574 2374 690 2449 tribus
713 2373 761 2448 ad
788 2370 985 2450 minimum
1009 2368 1226 2460 Canonicia,
1260 2372 1472 2474 Capitulum
1497 2374 1728 2462 facientibua,

97 2493 138 2572 in
159 2505 378 2595 perpetuum
399 2494 573 2594 deinceps
598 2493 831 2571 obsemanda.

194 2730 292 2818 Quia
320 2752 406 2807 vero
443 2731 572 2829 majori
611 2730 838 2810 Aulloritate
874 2751 939 2825 pro
969 2728 1176 2807 intentione
1209 2730 1270 2805 sua
1297 2755 1389 2830 opus
1426 2731 1495 2811 else
1538 2734 1727 2820 credebat,

97 2852 185 2928 ideo
226 2849 383 2926 Summo
418 2851 586 2927 Pontifici
621 2853 781 2947 Bomfacio
809 2851 903 2924 Nono
933 2847 1138 2925 humillime
1183 2849 1412 2947 supplicauit,
1450 2866 1630 2954 quatenus
1659 2855 1731 2932 Ec·

97 2968 244 3047 cleliam
270 2970 518 3048 Parochialem
543 2970 847 3067 Bettodranrensou
868 2968 909 3043 in
939 2968 1178 3064 collegiatam
1207 2970 1384 3059 euehere,
1432 2997 1502 3048 nec
1527 2999 1601 3050 non
1629 2975 1729 3052 Con·

97 3089 306 3167 stitutioues
330 3112 354 3165 a
388 3088 422 3165 se
449 3091 653 3178 ordinatas,
693 3091 729 3167 vi
752 3090 928 3165 Summae
953 3089 992 3167 dc
1015 3087 1242 3187 Apostolicae
1273 3085 1460 3187 potcstatis
1495 3082 1749 3172 Auctoritate'·

98 3211 326 3296 ratilr'abere,
348 3232 392 3283 ac
411 3209 625 3286 confirmare
650 3208 920 3286 clementiffime
940 3209 1157 3305 dignaretur.
1236 3211 1382 3288 Annuit
1403 3214 1574 3291 Libenter
1605 3215 1737 3292 Ponti·

99 3332 163 3410 sex
190 3330 263 3429 piis
283 3327 425 3404 Alberti
458 3330 564 3419 Votis
593 3333 632 3409 dc
661 3330 863 3407 Conatibus
893 3329 932 3404 in
965 3329 1148 3426 Rescripto
1177 3328 1326 3428 desuper
1360 3334 1447 3407 dato
1484 3356 1581 3411 anno
1625 3348 1737 3432 1398.⁴

101 3449 278 3526 Calendis
301 3445 471 3543 Augusti,
503 3449 740 3528 pontificatus
770 3451 822 3527 sui
850 3473 947 3524 anno
970 3449 1096 3535 Nono,
1131 3449 1171 3525 in
1195 3473 1268 3548 quo
1290 3450 1473 3551 Rescripto
1504 3456 1581 3552 post
1608 3479 1733 3533 narra·
1857 3492 1865 3507 e

102 3581 166 3647 tae
192 3568 336 3647 Alberti
364 3569 522 3647 Comitis
545 3592 670 3666 preces
699 3572 883 3646 Abbatem
908 3568 1218 3663 Weingartensem
1254 3570 1439 3669 (Joannes
1464 3577 1509 3652 ab
1534 3575 1742 3654 Edendorff

103 3701 195 3768 mnc
219 3695 404 3787 praeerat)
436 3689 561 3765 omilin
583 3689 733 3764 nornine
757 3687 928 3788 Joannis‚
961 3689 998 3764 dr
1020 3689 1093 3763 sola
1114 3689 1302 3787 Dignitate
1325 3693 1524 3783 abbatiali,
1555 3697 1731 3796 expressa,

103 3807 394 3888 commiuanum
431 3808 575 3904 delegat
607 3811 655 3884 ad
688 3810 802 3885 hocce
835 3805 938 3905 pium
978 3810 1017 3887 dc
1053 3809 1281 3889 meritorium
1320 3833 1413 3910 opus
1454 3819 1733 3914 exequendum,
1890 3806 1921 3863 ⁴

103 3930 348 4026 mandatque,
387 3929 573 4004 onerando
605 3928 752 4028 desuper
775 3925 932 4005 Abbatis
957 3928 1232 4019 conscientiam,
1280 3943 1323 4008 vt
1358 3934 1544 4029 praemissa
1567 3937 1734 4034 diligenti

105 4046 336 4149 inquifitione
353 4046 449 4124 circa
471 4048 663 4125 veritatem
697 4058 943 4133 narratorum,
991 4048 1249 4144 &congruam
1277 4051 1504 4133 dotationem
1535 4057 1734 4147 Ecclefiae,

107 4189 191 4245 eam
211 4190 288 4244 non
319 4165 432 4245 solum
462 4167 688 4245 Austoritate
713 4165 919 4265 Apostolica
946 4166 985 4241 in
1008 4165 1248 4263 collegiatam
1271 4170 1403 4268 erigat,
1427 4173 1466 4251 dc
1486 4196 1552 4274 pro
1580 4180 1644 4255 tali
1671 4182 1735 4256 de·

108 4285 234 4385 lncepr
258 4296 432 4384 perpetuo
456 4286 661 4364 habendam
678 4289 867 4374 decernat,
896 4283 1091 4364 sedetiam
1113 4288 1244 4367 statuta
1264 4293 1302 4369 dr
1326 4292 1397 4370 alia
1423 4295 1494 4372 rite
1516 4297 1562 4375 ab
1582 4300 1736 4378 iliberto
1786 4264 1792 4271 ’

105 4404 276 4484 numo
297 4406 363 4503 per
389 4407 547 4484 eandem
571 4406 786 4505 potestatem
808 4406 1016 4485 confirmet
1760 4402 1777 4414 “

199 4598 388 4722 cranao
402 4642 604 4724 mansuram
624 4647 859 4746 suppletiuam
875 4647 1081 4726 uenenum
1106 4645 1131 4721 u
1155 4647 1217 4746 qur
1240 4650 1335 4728 forte
1354 4650 1599 4753 subrepserint.
1648 4658 1739 4738 aur·

114 4759 363 4843 laPontilicia
398 4764 437 4843 in
460 4764 651 4866 Originali,
691 4767 818 4865 Sigillo
845 4767 1042 4964 plumbeoT,
1073 4791 1138 4869 pro
1162 4791 1283 4860 more,
1322 4772 1436 4850 elilo
1469 4777 1739 4979 cmopudepjtrp·
1821 4831 1826 4838 ·
