4276 5670
712 359 1135 453 rfffflbna
1361 434 1510 494 .‘
1679 376 1726 467 41

79 613 82 617 ,
107 534 343 613 confirmatur
365 534 414 611 'in
439 533 590 631 antiquo
613 534 693 612 MS.
721 534 1003 632 Euangeliorum
1030 538 1120 614 libro
1151 533 1247 611 inter
1271 533 1447 611 Clenndia
1469 528 1637 630 reposito,
1665 529 1729 607 ubi

106 655 220 739 etiam
248 653 438 754 Reliquiae
461 665 741 740 enumerantur,
777 656 930 754 quaein
964 655 1110 752 singuiis
1138 644 1392 732 contineantur
1418 653 1613 729 nitatibus.
1688 650 1727 727 lu
1833 662 1840 679 ⁸

105 773 179 850 itoc
200 784 325 851 tamen
344 772 624 870 Euangeliorum
645 773 736 850 libro
760 773 890 851 Annus
912 775 1058 873 ponitur
1095 790 1199 871 11832
1256 773 1389 850 Cetera
1401 772 1649 860 concordant,
1681 792 1727 847 an

106 892 169 967 bic
194 892 253 972 vel
272 891 376 968 isthic
399 891 510 970 scriba
532 893 726 982 errauerit,
749 894 840 970 haut
861 893 1025 971 diuinare
1046 895 1132 973 licet
1151 896 1203 992 *).

116 1150 121 1158 ·
200 1114 329 1206 Tettio
343 1129 534 1219 miramur,
560 1155 671 1233 qnare
691 1131 768 1230 post
795 1131 1060 1228 Mangozonem
1084 1133 1265 1209 Abbatem
1290 1132 1502 1211 immediate
1522 1126 1730 1215 Bruschiuc,

107 1247 148 1324 dc
166 1246 370 1346 posterioris
393 1251 558 1347 Cataiogi
572 1253 718 1352 scriptor
739 1251 920 1350 posuerint
940 1256 1194 1329 Hermaunum
1215 1254 1263 1328 de
1285 1249 1615 1348 Biefrhenweyiet,
1646 1268 1730 1324 cum

108 1367 205 1443 iliius
220 1368 258 1443 in
279 1368 368 1444 libro
384 1372 615 1448 membraneo
631 1372 730 1448 nulla
743 1370 809 1449 siat
832 1371 994 1473 mentio,
1028 1371 1065 1444 in
1088 1396 1159 1469 quo
1180 1367 1364 1446 Bertiuidas
1385 1373 1605 1467 sangninem
1625 1375 1732 1444 iinme-

108 1488 379 1588 borsequini,
404 1491 443 1568 dt
465 1490 562 1588 sequi
592 1491 742 1580 debere,
766 1491 860 1566 clare
877 1502 977 1588 patet
997 1513 1044 1565 ex
1062 1489 1171 1577 libro,
1205 1514 1314 1588 quem
1333 1489 1404 1586 ipse
1426 1486 1608 1564 Bntsnidut
1629 1483 1731 1565 scribi

110 1608 273 1693 tumuit,
295 1607 334 1682 in
355 1630 426 1706 quo
451 1609 626 1686 Miracuia
652 1612 729 1710 post
751 1612 959 1705 Mangazanis
977 1610 1132 1686 Mortem
1157 1610 1218 1685 sub
1240 1606 1404 1685 Barbatio
1427 1611 1543 1685 Abbati
1563 1608 1656 1685 satta
1674 1628 1731 1682 re·

109 1725 309 1802 censentur.
359 1727 561 1804 Hnnrnnurs
581 1723 692 1826 igitur
703 1753 783 1843 pon
805 1731 976 1805 inmutata
1003 1728 1079 1826 post
1096 1727 1345 1824 Mmgaamtm,
1383 1729 1443 1804 sed
1463 1728 1539 1825 post
1562 1728 1732 1802 Commota

109 1848 146 1918 de
177 1828 371 1940 Wagintnt
393 1849 584 1944 ponendus
605 1849 676 1934 est,
702 1846 812 1947 idque
842 1848 974 1925 litteris
1005 1850 1192 1944 probatur,
1219 1847 1299 1925 vnis
1323 1849 1383 1924 sub
1402 1847 1571 1923 Conrado
1587 1845 1729 1923 Abbate

109 1962 227 2050 datis,
249 1988 347 2039 anno
371 1972 484 2060 12⁶5.
513 1967 551 2042 in
576 1967 637 2044 die
662 1968 701 2044 S.
724 1967 913 2054 othmari,
937 1965 1061 2041 alteris
1083 1963 1144 2040 sub
1158 1965 1380 2060 Hermanno,
1397 1967 1493 2041 datis
1509 1990 1605 2041 anno
1626 1971 1731 2042 12⁶⁶.

108 2082 146 2158 sn
162 2082 225 2159 die
239 2083 279 2158 S;
294 2082 404 2160 Gaili.
465 2084 567 2161 Hinc
590 2087 834 2185 deprehendis
862 2085 973 2162 etiam
1010 2084 1120 2160 alium
1149 2109 1324 2171 errorem,
1359 2086 1576 2162 Humanum
1604 2081 1732 2162 videli-

108 2214 170 2278 cet
202 2225 277 2277 non
305 2202 375 2278 esse
403 2217 609 2294 mortuum,
648 2217 690 2284 vt
709 2205 905 2284 Bruschius
935 2208 973 2283 dr
994 2203 1197 2302 posterioris
1223 2203 1388 2299 Catalogi
1418 2203 1562 2299 scriptor
1583 2212 1733 2279 narrant

111 2343 207 2395 anno
235 2304 477 2414 1a13.immo
501 2323 619 2420 magia
647 2324 864 2402 crediderim
898 2344 986 2400 eum
1013 2332 1145 2400 natum
1175 2323 1342 2400 nondum
1366 2321 1488 2407 fuisset
1523 2344 1610 2399 nam
1633 2344 1731 2398 auno

108 2437 261 2515 Donnini
298 2463 404 2537 1299.
436 2441 558 2518 vixisse
581 2439 692 2519 scitur'
716 2468 764 2521 ex
792 2442 922 2520 litteris
954 2468 999 2519 eo
1019 2465 1128 2541 ¹anno
1161 2441 1382 2520 subendam
1410 2443 1589 2518 Hermann
1610 2442 1731 2518 ‘datin

108 2556 382 2658 consequenter
416 2561 530 2638 etiam
555 2561 710 2639 somniat
732 2563 948 2651 Bruscbius,
997 2561 1190 2659 Templum
1212 2563 1371 2641 nostrum
1405 2586 1502 2638 anno
1532 2584 1636 2660 1207.
1671 2559 1733 2640 sub

33 2728 45 2747 .
109 2664 527 2756 ammanitarum
558 2677 656 2758 ibide
693 2684 738 2758 ab
771 2683 945 2780 Episcopo
978 2677 1240 2757 constantiensi
1266 2685 1401 2757 Cannio
1423 2684 1566 2758 Secundo.
1629 2677 1731 2756 Haec

109 2796 212 2875 enim
238 2791 421 2875 dedicatio
451 2800 514 2877 sub
540 2797 709 2877 Bertbcido.
730 2803 875 2879 Abbate
899 2804 991 2879 satta
1013 2800 1064 2876 est
1085 2798 1165 2898 Μ’).
1214 2798 1340 2878 Aliam
1365 2801 1498 2878 deinde
1523 2799 1732 2878 Dedicatio·

108 2927 196 2992 nem
228 2913 438 2994 inuenimus
466 2919 616 3005 fastam,
659 2919 720 2998 sub
748 2902 890 2998 Abbate
919 2923 1054 2995 &mado
1084 2918 1355 2995 praedecessore
1391 2920 1605 2996 immediato
1645 2919 1733 2994 Her·

108 3034 392 3113 muniatis
413 3036 526 3113 Anno
555 3062 660 3134 1253.
686 3054 720 3124 8.
739 3039 891 3117 Caiend
908 3037 1008 3136 junii
1036 3038 1082 3115 ab
1106 3034 1283 3116 masan
1305 3037 1566 3116 Constantienst
1588 3036 1733 3138 Episco-

108 3167 172 3255 po.
219 3151 353 3252 Harae
371 3154 425 3233 tei
442 3153 594 3234 litterae
620 3149 741 3236 adhuc
771 3159 963 3237 habentur.

52 3373 59 3385 ’
209 3392 351 3479 Quarto
385 3393 578 3486 miramur,
601 3392 713 3497 quare
740 3398 800 3476 sub
827 3392 990 3474 amnuo
1012 3396 1135 3476 Abiate
1162 3421 1259 3474 anno
1285 3418 1387 3496 1227.
1429 3398 1554 3475 dicant
1586 3400 1736 3477 combu-

109 3511 205 3591 stum
228 3509 329 3588 fuisse
343 3514 621 3600 Monasteriumt
645 3540 731 3598 cum
751 3518 842 3597 iiber
860 3517 1087 3596 Litaniatum
1105 3517 1194 3597 illud
1216 3517 1430 3600 Incendium
1452 3518 1615 3597 accidisse
1634 3540 1734 3598 com·
1809 3588 1813 3595 .

105 3641 293 3711 memoret
314 3654 412 3709 anno
439 3656 545 3731 ¹215·
632 3679 634 3683 ·

210 3869 352 3957 Quinto
378 3871 570 3962 wimar,
605 3897 716 3977 quare
744 3875 782 3953 in
810 3877 876 3955 isto
899 3878 1089 3980 posteriore
1119 3879 1295 3978 eantogo
1313 3878 1575 3976 praetermissus
1599 3877 1641 3957 sit
1663 3879 1734 3958 Ab·

111 3996 167 4068 irs
189 3991 387 4082 marna,
417 4016 526 4089 quem
546 3994 731 4073 Abbatem
757 3997 856 4073 suiffe
879 3999 1008 4075 scimus
1030 4023 1078 4075 ex
1100 3999 1229 4076 litteris
1252 4023 1348 4075 mino
1368 3998 1519 4076 Domini
1538 4022 1642 4094 1300.
1672 3999 1733 4077 sub

101 4098 157 4188 ἐυ
181 4108 291 4187 datia.
341 4109 475 4211 Sicque
499 4112 673 4211 intelligis
696 4119 867 4191 immediate
882 4121 946 4218 poss
974 4118 1211 4206 Hermaeum,
1236 4117 1299 4219 qui
1324 4141 1421 4194 anno
1451 4138 1553 4217 1299.
1579 4121 1735 4217 praefuit

107 4228 330 4329 ponendum·
356 4229 426 4306 esse
452 4220 655 4314 Ftidtriam.
709 4235 941 4332 Exprngtndus
967 4236 1078 4332 igitur
1105 4238 1151 4314 ab
1183 4238 1255 4316 hoc
1287 4237 1369 4316 loco
1397 4240 1559 4316 Braauan
1591 4240 1736 4336 Abbaa,

109 4349 172 4426 'cui
193 4346 364 4443 eatatogi
390 4348 557 4451 scriptor,
583 4350 621 4432 dt
650 4351 847 4431 Bruschitu
875 4377 963 4433 eum
987 4355 1170 4453 asignant.
1783 4353 1789 4362 ’
1908 4346 1912 4353 ’

149 4588 186 4671 ⁶)
207 4587 274 4656 &a
292 4587 350 4655 icco
369 4587 546 4670 videbimur,
567 4602 633 4658 uter
651 4597 805 4660 mouerit.
1619 4476 1734 4558 sem

149 4718 203 4802 ⁸⁸)
229 4716 278 4786 tu
303 4717 423 4805 quan
450 4738 529 4788 anna
555 4740 650 4807 ¹217·
679 4732 712 4789 at
741 4720 866 4809 inferius
891 4722 1046 4794 &cabima
1065 4720 1083 4757 '

976 4852 1008 4933 F
