4276 5670
409 384 487 466 394
1012 369 1432 463 *mar

361 634 364 640 ,
406 548 562 651 graplsar.
632 542 780 646 Quorum
809 544 937 645 prinus
970 543 1011 622 fd
1042 550 1157 621 ceteris
1181 551 1347 645 antiquior
1370 553 1405 622 in
1428 545 1507 624 arbe
1528 550 1569 648 cjl
1592 545 1790 624 Alexander
1813 547 1944 645 Mayr,
1982 549 2056 645 qni‘

399 672 477 771 fere
501 665 631 744 uidetur
655 668 692 742 in
724 661 819 740 retus
848 676 976 739 tantum
1011 668 1172 753 minimis,
1216 664 1257 742 fd
1288 664 1473 766 Scripturis
1501 653 1682 742 iricidcndis
1709 664 1870 742 lucellcre.
1941 665 2041 745 Raro

356 872 359 877 ¹
407 787 534 886 quidem
553 774 689 886 profert
714 785 890 882 imagines,
915 780 957 860 8
970 787 1022 884 -esl
1054 785 1258 882 aliquantum
1284 785 1503 884 negligentior
1533 789 1571 863 in
1599 782 1749 884 operibns
1773 786 1846 884 suis
1866 785 2041 891 obsoluer-

407 905 477 996 dis,
515 896 597 1004 puae
616 907 716 981 etiam
739 927 811 979 earn
834 897 874 976 ab
899 900 1031 1001 eausam
1062 908 1168 980 minus
1198 919 1312 992 cusat,
1343 907 1476 1004 quiefl
1503 931 1585 980 nnus
1616 931 1660 979 ex
1689 903 1870 1001 Praeseltis
1900 903 2041 1003 Arsip-

407 1027 576 1111 tciiornm,
611 1025 666 1120 qui
680 1020 823 1124 stngulir
845 1018 1069 1122 Septimanis,
1099 1027 1197 1098 certis
1224 1022 1353 1111 diebus,
1380 1049 1442 1122 per
1470 1025 1635 1098 ciuitatem
1667 1027 1881 1111 circumeunt,
1919 1023 1963 1102 Θ
1986 1025 2040 1101 lu·

398 1150 511 1250 strant
543 1141 697 1243 aedificia
724 1163 833 1216 recens
857 1139 1043 1239 fabricata.
1111 1142 1201 1242 Ejus
1237 1168 1354 1228 mansis
1383 1146 1427 1242 cst
1455 1145 1565 1242 imago
1601 1143 1652 1218 D.
1678 1142 1871 1244 Sibajliani.
1915 1141 2040 1220 ,Porro

407 1265 604 1347 Dominieus
631 1260 840 1362 Custosrserc
867 1258 952 1336 nita
981 1262 1123 1361 amplisu
1148 1265 1183 1336 in
1214 1287 1271 1336 aes
1300 1264 1437 1345 incidit,
1463 1259 1526 1360 scd
1550 1273 1677 1337 tantm
1700 1262 1761 1337 dat
1783 1262 1946 1362 impensas
1971 1287 2040 1363 pra

406 1385 557 1485 incifione
572 1378 646 1480 suis
670 1375 793 1455 duobus
807 1379 907 1478 filiis.
939 1378 1071 1456 'Lucae
1091 1380 1228 1456 Kiliano
1252 1379 1294 1459 &
1311 1379 1535 1487 sllssrlsgango
1558 1378 1713 1468 Kiliano,
1747 1408 1818 1456 cnm
1837 1382 1956 1479 qssibssr
1980 1379 2047 1457 lto--

406 1505 460 1581 die
481 1503 626 1603 primum
649 1496 774 1574 locutsss
789 1495 882 1596 susm,
912 1499 1054 1596 (eorum
1074 1525 1173 1576 mann
1188 1499 1271 1600 snut
1296 1513 1418 1576 ceterae
1437 1500 1636 1597 imagines),
1651 1501 1728 1572 item
1742 1502 1856 1598 fratri
1878 1501 1942 1600 sno
1964 1498 2047 1578 Ro·

342 1691 349 1699 .
406 1619 517 1724 piacli
544 1616 683 1721 Custodi.
763 1616 843 1696 Alii
871 1618 934 1693 duo
964 1616 1211 1721 Cirisloplnnss
1240 1619 1373 1696 Greitcr
1405 1618 1447 1696 ὅ
1470 1618 1656 1723 Mauritius
1691 1618 1879 1699 Mittnaclst
1902 1624 1965 1698 nix
1987 1624 2040 1698 ui·

408 1740 524 1821 dentur
542 1738 738 1839 sufficientes
764 1735 811 1811 ad
829 1749 956 1814 emnem
984 1765 1065 1840 opus
1085 1740 1327 1842 praestandam.
1396 1736 1545 1814 Ceterum
1565 1736 1742 1812 Monoclsii
1764 1741 1807 1839 est
1830 1741 1966 1837 qnidam
1988 1767 2040 1822 ce·

406 1861 508 1943 lelcris
536 1856 693 1957 Sculptor
716 1854 872 1957 Raplcael
901 1855 1059 1945 Sadeler,
1092 1856 1188 1935 lsalet
1219 1863 1318 1935 etiam
1334 1858 1447 1958 filium
1477 1856 1618 1956 ejusdcm
1642 1860 1770 1931 omnino
1794 1863 1951 1948 nominis,
1977 1860 2044 1960 scd

406 2009 476 2061 eum
502 1984 536 2056 in
561 1978 740 2055 Batnon
760 1977 940 2077 prosellsen
965 1977 1073 2053 audio.
1136 1975 1244 2054 Porro
1274 1981 1336 2054 uix
1365 1990 1445 2077 pisto
1477 1975 1565 2051 illum
1604 2001 1735 2075 operam
1762 1976 1860 2074 suam
1892 1977 2040 2056 Locutu-

297 2150 304 2164 s
391 2128 481 2204 ‚rum
497 2103 569 2201 fine
600 2095 754 2191 Licentia
784 2093 981 2198 Serenifflmi
1009 2095 1182 2191 Banariae
1206 2097 1333 2186 Ducis,
1373 2095 1414 2173 id
1433 2103 1508 2196 jam
1540 2095 1636 2170 valde
1671 2109 1864 2194 occupatur,
1896 2100 2040 2177 immoa

408 2219 531 2315 sutus,
567 2229 743 2316 quatuarue
770 2212 824 2291 uel
846 2215 987 2316 amplius
1012 2219 1109 2293 annis
1133 2220 1168 2292 in
1190 2217 1361 2293 Bononiae
1386 2213 1440 2292 Ss.
1470 2212 1674 2313 Imaginibus
1699 2218 1734 2290 in
1757 2240 1813 2290 aes
1837 2216 2039 2306 incidendis,

251 2401 257 2409 .
411 2331 457 2413 ad
480 2356 556 2429 qaas
579 2339 678 2417 etiam
700 2333 851 2435 Eulogia
868 2333 929 2435 seu
953 2333 1187 2434 inscriptiones
1207 2334 1246 2413 Ρ.
1271 2331 1400 2410 Martis.
1428 2332 1544 2409 Rader
1568 2334 1709 2433 conficit.
1760 2333 1842 2434 Ego
1869 2350 1955 2413 certe
1975 2363 2041 2412 non
2105 2377 2112 2388 ι

411 2451 513 2531 audeo
538 2476 637 2532 mean
661 2460 696 2532 in
722 2451 784 2530 lcae
805 2479 843 2532 re
863 2455 1016 2554 proferre
1032 2452 1240 2553 sententiam.
1291 2453 1440 2552 Difficile
1466 2477 1562 2540 nam,
1588 2449 1630 2528 fr
1650 2453 1864 2552 periculosum
1889 2459 1932 2556 est
1955 2457 2040 2531 ma-

413 2584 519 2649 torum
544 2565 673 2651 Seruire
699 2574 858 2676 ingeniis.
909 2570 952 2650 Si
975 2597 1051 2649 nero
1073 2572 1220 2673 plorent
1243 2599 1286 2650 ex
1310 2574 1487 2650 nominatis
1511 2570 1570 2646 lsoc
1592 2567 1703 2645 labore
1727 2598 1901 2672 occupare,
1936 2571 2041 2674 paffet

412 2688 572 2770 delineari
588 2688 706 2785 saraia
726 2692 766 2769 ⁶5
787 2690 980 2792 magnitudo
1004 2690 1144 2792 alicujus
1168 2695 1324 2791 imaginis
1348 2690 1526 2767 Breniario
1556 2693 1793 2779 conuenientis,
1830 2691 1870 2769 id
1884 2696 1939 2796 fic
1957 2719 2040 2794 pro·

412 2821 548 2908 totypan
571 2832 635 2891 nan
659 2807 734 2893 vni,
759 2811 819 2904 scol
844 2814 941 2911 sorte
960 2813 1058 2888 etiam
1080 2807 1230 2912 pluribus
1253 2809 1436 2909 artificibus
1456 2811 1617 2910 proponi,
1649 2823 1769 2906 quanto
1799 2837 1911 2911 nempe
1930 2813 2042 2912 pretia

414 2927 467 3006 lsie
490 2925 542 3003 ael
565 2922 618 3002 ille
640 2948 770 3023 operam
784 2924 883 3027 snam
908 2929 1016 3007 locare
1039 2928 1142 3007 uellet.
1182 2929 1240 3006 Vc
1256 2933 1311 3027 qui
1327 2932 1378 3031 stc
1400 2931 1566 3030 constituto
1586 2931 1695 3026 pretio
1716 2927 1920 3028 eligeretur,
1942 2956 2042 3007 unam

414 3060 541 3130 tantum
564 3043 736 3133 incideret,
761 3044 802 3122 Θ
819 3046 994 3147 secumdam
1015 3053 1125 3149 prius⁴
1142 3075 1207 3123 non
1232 3050 1404 3146 inciperet,
1438 3070 1534 3154 quam
1559 3059 1651 3122 'certo
1682 3050 1839 3146 constaret
1869 3074 1952 3148 opus
1984 3048 2042 3126 tn·

410 3164 554 3274 jusmodi
579 3161 855 3270 Reuercndiffimis
881 3166 1037 3245 Dominis
1059 3165 1251 3248 Athana
1270 3167 1412 3268 placere.

510 3367 701 3446 inuentores
725 3365 810 3462 quot
832 3371 1013 3458 concernit,
1036 3368 1187 3447 labemus
1208 3385 1293 3448 certe
1318 3373 1458 3473 infignes
1482 3365 1523 3444 fr
1546 3367 1752 3442 exercitatos.
1792 3363 2042 3446 ‚Celeberrimos

415 3488 559 3572 Pidasos
581 3484 662 3562 daos
685 3481 858 3588 joannem
882 3480 1148 3578 Rauennam,
1167 3540 1169 3544 ι
1185 3489 1226 3567 85
1247 3489 1433 3566 Matinium
1454 3487 1588 3585 Kager‚
1620 3484 1660 3581 ⁰)
1687 3488 1741 3582 qui
1763 3511 1827 3560 non
1844 3487 1953 3586 solnm
1978 3515 2043 3564 no-

251 3619 255 3623 ”
407 3607 585 3713 stratibus,
611 3602 674 3704 sed
695 3604 794 3678 ctiam
813 3605 962 3677 externis
989 3602 1227 3706 Calcograpleis
1252 3607 1314 3684 isac
1338 3612 1372 3685 in
1402 3635 1437 3684 re
1467 3630 1600 3705 operam
1620 3603 1723 3701 'sesam
1753 3603 1872 3680 locant.
1947 3606 2045 3706 Quod
2091 3673 2094 3678 .

416 3729 463 3806 ad
493 3721 733 3825 Tppograpleos
758 3720 1020 3821 Mediolanenses
1048 3727 1185 3813 attinet,
1217 3737 1255 3800 at
1279 3731 1412 3824 ingenue
1428 3728 1567 3826 fatear,
1610 3725 1672 3797 aix
1702 3723 1772 3796 uidi
1797 3724 1924 3821 aliquid
1947 3753 2045 3826 prae·

416 3848 503 3925 clari
528 3843 594 3927 illie
619 3840 821 3944 impressam,
858 3842 951 3938 qaod¹
967 3844 1103 3920 multum
1128 3840 1280 3920 excellere
1310 3843 1508 3925 uideretur.¹
1544 3841 1651 3917 Porro
1679 3853 1896 3918 atramentum
1918 3848 2044 3947 fuligi-

415 3977 525 4056 neum,
562 3977 627 4062 quo¹
653 3966 688 4042 in
719 3961 943 4061 imprimendis
977 3961 1093 4041 Libris
1122 3975 1276 4050 omens,
1307 3989 1371 4038 nan
1404 3974 1472 4037 tam
1496 3960 1573 4036 bene
1596 3962 1772 4060 conficiunt
1806 3960 1926 4068 Itali,
1950 3990 2047 4063 quam

421 4087 604 4167 Germani:
634 4081 676 4159 V
669 4084 752 4157 eneti
783 4093 889 4155 tarsun
914 4081 1026 4157 melius
1050 4082 1207 4178 reliquae
1235 4079 1387 4156 ailcilere
1413 4081 1564 4157 dicuntur
1589 4080 1733 4176 aliquam
1759 4084 1933 4157 materiam
1954 4111 2047 4161 aene·

416 4208 545 4309 nesam,
583 4229 679 4301 quare
709 4199 831 4276 uallum
867 4198 913 4274 ad
945 4200 1108 4276 lucernam
1144 4197 1337 4298 Lagentium
1376 4198 1483 4275 oculos
1520 4198 1680 4298 offmdcre
1708 4199 1837 4275 Medici
1848 4198 1851 4204 ’
1861 4202 2046 4301 pernibent.
2122 4260 2134 4268 --

416 4328 495 4430 Ego
515 4330 542 4426 fi
562 4327 600 4405 ¹in
629 4322 737 4424 aliquo
760 4321 872 4399 horunc
895 4342 1076 4422 quocunque
1100 4320 1243 4397 ⁴tanciem
1265 4320 1400 4423 negotio
1426 4317 1581 4418 inseruire
1597 4331 1730 4424 potero,
1755 4323 2046 4418 numquamdeero.

1986 4486 2050 4593 Est

318 4668 321 4673 ’
455 4659 489 4742 *)
512 4653 613 4741 Hujus
633 4671 707 4739 opus
736 4648 909 4740 eJlTalcula
940 4646 974 4713 S.
999 4644 1182 4735 Franciscnm
1211 4646 1337 4734 Serapis.
1366 4650 1532 4732 exprimens
1559 4653 1591 4712 in
1627 4613 1817 4713 Parthenone
1838 4613 2052 4742 Alldorffenfi,

511 4770 646 4832 'turoam
676 4759 769 4852 nostro
803 4758 843 4828 P,
872 4754 991 4842 &acala
1018 4755 1099 4822 Plan
1126 4765 1190 4822 tum
1214 4749 1372 4843 Corgfeffare
1391 4753 1528 4823 ordinas.
1546 4753 1625 4840 pido
1641 4753 1684 4824 l&
1705 4757 1762 4821 illie
1778 4759 1815 4823 in
1833 4758 1926 4828 altari
1946 4761 2051 4826 Pria.

442 4890 443 4895 ¹
525 4873 587 4957 cipe
607 4868 751 4934 collorata.
1199 4904 1220 4919 a
