4276 5670
301 382 477 497 'sd
961 396 1426 488 eaefflffxm
1581 448 1612 482 ,-

315 585 318 588 ’
448 570 1270 665 ,ΒΟΜΙΝΙΟυὸιι
1350 564 1961 666 ὃΌΗΝιΖΕιι-

966 733 1461 812 Asseasxxmm

416 883 423 899 ⁹
578 894 583 899 θ
707 900 747 986 Ρ
754 892 986 1012 'Ofefflm
1035 899 1088 994 &⁹
1138 901 1414 986 Sacerdotio
1452 896 1733 1014 ‘Jaiiiaeua

505 1083 626 1161 Natus
660 1046 856 1180 Cmnpr'doni
886 1076 1136 1159 honestissimis
1169 1051 1385 1158 Parentibus
1412 1106 1467 1157 10.
1500 1081 1610 1178 ..sept
1643 1106 1740 1158 anno
1776 1107 1844 1184 170
1844 1109 1879 1183 4
1888 1032 2046 1180 ‘Ignaffi

409 1202 560 1278 nomine
579 1203 700 1276 serens
726 1200 822 1275 ins.
842 1199 1080 1296 Baptismatis
1106 1204 1278 1278 Lauacro.
1336 1200 1569 1277 charismata
1592 1202 1741 1279 meliora
1765 1204 1968 1281 aemulatus
1995 1207 2037 1283 S

358 1328 383 1382 -’
409 1320 609 1401 Benedido
633 1344 767 1395 nomen
795 1319 900 1416 seque
924 1331 1042 1397 totum
1068 1320 1105 1394 in
1132 1321 1349 1396 Monasterio
1372 1319 1491 1397 noiiro
1515 1321 1627 1397 dedit.
1697 1321 1767 1409 Vbi
1790 1325 1836 1403 ad
1865 1325 2042 1423 profiten-

414 1444 501 1519 dam
529 1440 707 1534 Regulam
734 1438 903 1515 admissus
932 1461 986 1537 27
1016 1443 1153 1540 Aprilis
1186 1441 1273 1516 anni
1311 1464 1415 1540 1727·
1448 1440 1634 1517 Dominici
1668 1466 1803 1520 nomen
1843 1445 1881 1523 de
1913 1469 2041 1524 omem

410 1561 504 1640 tulit.
528 1550 740 1637 Absolutis
769 1582 839 1656 qua
861 1559 982 1646 domi,
1005 1585 1077 1658 qua
1098 1560 1299 1665 Saiisburgi
1323 1560 1466 1646 studiis,
1496 1559 1723 1637 incruentam
1752 1562 1811 1638 die
1841 1588 1894 1662 14.
1914 1564 2042 1641 oerob

411 1703 510 1758 anno
554 1702 656 1779 ¹731·
687 1678 768 1754 Deo
800 1678 996 1758 Vistimain
1027 1680 1187 1765 obtulit,
1224 1679 1376 1755 minime
1402 1689 1492 1754 tunc
1516 1686 1634 1764 ratus,
1675 1681 1752 1778 post
1778 1682 2045 1781 quinquaginta

195 1867 201 1873 .
249 1896 251 1901 .
370 1794 528 1878 ‘annos
555 1799 674 1875 eidem
702 1799 819 1874 sacrae
849 1799 904 1874 rei
940 1794 1073 1881 rursus,
1108 1800 1147 1877 dc
1171 1799 1338 1881 abbatiali
1363 1798 1510 1896 quidem
1535 1798 1672 1876 honore
1697 1804 1860 1890 aucium,
1898 1802 1932 1878 se
1957 1828 2044 1904 ope·

411 1934 602 2000 raturum:
628 1921 722 1994 adeo
745 1917 932 1995 humiliter
956 1921 1004 1994 de
1027 1919 1061 1994 ie
1085 1919 1189 1995 senfit
1211 1920 1359 2016 semper
1410 1919 1513 1995 Haec
1528 1919 1607 2045 ipsa
1631 1942 1777 2020 quoque
1799 1922 1975 1999 modestia
1998 1926 2043 2000 sr-

409 2043 564 2120 ientium
590 2038 698 2116 mihi
706 2037 857 2125 indixit,
881 2051 922 2116 vt
945 2037 1045 2136 plura
1066 2041 1112 2115 de
1136 2041 1192 2115 Eo
1215 2038 1317 2114 haut*
1310 2015 1622 2151 cemmemcirem.
1674 2041 1784 2116 Reiie
1807 2042 1961 2129 facium,
1988 2045 2044 2120 lu·

411 2150 574 2260 bensqu'e
598 2159 663 2235 ob
657 2182 785 2256 equor
817 2158 990 2255 quoniam
1022 2157 1112 2235 alias
1150 2170 1215 2234 aut
1245 2139 1402 2233 nimiam
1427 2142 1601 2257 palpaiim
1643 2152 1718 2235 aut¹
1729 2162 1851 2236 minus
1884 2162 2044 2240 iaudaffe

412 2283 563 2363 viderer.
612 2281 763 2374 Ergoc.
789 2279 1002 2365 Decembris
1033 2300 1130 2355 anno
1162 2299 1266 2375 1745.
1290 2276 1547 2358 communibus
1579 2279 1675 2356 votis
1702 2292 1744 2355 ιιι·
1767 2279 1881 2374 iubilo
1915 2281 2042 2359 Abbas

413 2402 548 2480 elerius
579 2400 655 2499 post
703 2440 752 2456 -
800 2440 849 2457 -
873 2395 1086 2476 innumeros
1111 2396 1317 2474 exmtiatos
1337 2396 1482 2530 suorum
1507 2399 1723 2478 commode
1729 2399 1879 2478 labores
1918 2442 1968 2460 -
1991 2442 2040 2461 -

411 2520 506 2604 viuit
552 2561 600 2579 -
650 2561 699 2579 -
748 2517 874 2599 viuat!

739 2811 821 2897 Hirrc
848 2810 956 2878 TIBI
986 2832 1044 2879 nec
1074 2784 1193 2886 metae,
1228 2828 1334 2888 rerum
1370 2831 1431 2879 nec
1457 2819 1596 2897 tempora
1616 2832 1712 2921 ponc
1826 2815 1830 2821 ’

666 2944 670 2951 ’
747 2941 817 3006 Hoc
852 2962 981 3026 precor.
1020 2951 1058 3010 vt
1094 2942 1196 3020 vicia,
1230 2939 1274 3007 fic
1303 2941 1436 3007 moriare
1463 2938 1578 3011 senex!
1654 3026 1657 3035 ι
1810 2906 1815 2913 ¹
