4276 5670
407 383 477 458 rib
636 470 643 485 Χ
1009 378 1427 471 emma

402 558 514 635 dirum
541 576 616 633 non
645 553 804 631 debeant
827 549 982 630 intrare:
1024 556 1063 632 id
1088 553 1139 630 est
1162 579 1221 632 nen
1239 556 1310 654 seui
1330 558 1456 651 pedibus
1481 555 1562 629 oei'
1543 520 1670 652 presence
1700 570 1754 627 ore
1778 559 1849 660 ceci.
1914 552 1954 629 In
1977 524 2034 630 be-

396 680 503 777 spituii
526 688 650 752 antem
673 670 792 751 stadm
819 685 859 748 vt
892 673 1031 750 miffam
1061 673 1244 751 audierint
1269 673 1475 751 reficiendis
1501 678 1574 747 bine
1595 678 1707 750 muer
1732 650 1840 748 renuo
1891 673 1965 748 Sed
1992 675 2032 751 de

392 786 524 896 postea
547 818 569 869 a
563 793 710 888 funeb
731 788 877 879 omnuim
906 815 989 868 cum
1008 817 1087 891 eque
1111 796 1212 870 eeiidn
1232 801 1434 892 moueantur
1451 794 1543 888 pedes
1565 816 1676 870 rerum.
1720 793 1894 893 Quicquid
1918 796 1954 867 de
1979 817 2033 866 er-

402 922 551 992 diue
497 939 592 1010 osque
626 911 850 1005 incrastinum
876 918 1041 1006 capitutum
1075 917 1115 1014 est
1143 918 1290 1008 egendum
1316 921 1497 1043 priusquom
1531 913 1567 984 de
1606 916 1741 1006 segniori
1777 913 1932 1008 discipine
1960 912 2032 1005 quid

402 1044 476 1130 egei
478 1058 515 1108 ur
537 1033 578 1123 eii
602 1032 769 1106 dueudusn
826 1027 906 1103 Post
932 1030 1129 1126 capitulum
1158 1031 1281 1128 psalmi
1310 1037 1348 1110 dr
1374 1029 1560 1106 oraciones
1577 1047 1636 1126 pre
1661 1031 1867 1127 anniuerfhrie
1884 1027 2031 1123 fraitun
2064 1104 2068 1109 .

402 1162 436 1232 ie
456 1163 560 1242 operte
586 1158 619 1224 in
641 1146 698 1224 dee
720 1151 769 1223 die
793 1151 954 1235 iuuetur,
979 1173 1158 1247 quemqueen
1178 1158 1211 1228 in
1234 1156 1353 1225 durius
1364 1152 1490 1247 sequent
1475 1153 1585 1223 tibur
1571 1174 1605 1255 ru
1617 1148 1746 1241 sebniie.
1797 1144 1966 1223 Tabula
1952 1171 2036 1247 per·

403 1271 498 1350 cotta
524 1269 876 1362 iratrestiequuniur
863 1289 897 1341 eu
924 1267 1072 1362 eiousire,
1099 1269 1137 1346 dt
1162 1269 1237 1368 pest
1266 1270 1404 1346 sextam
1428 1268 1568 1343 iterato.
1626 1269 1696 1345 Per
1718 1265 1913 1345 armarium
1935 1290 2046 1342 umor-

272 1404 275 1409 ·
401 1399 484 1486 ignis
508 1393 545 1464 de
566 1391 693 1488 eustatie
715 1392 765 1460 uri
785 1383 871 1475 June
894 1383 1048 1484 exsrsffirs:
1075 1389 1229 1464 materia
1249 1387 1468 1482 lignorum
1457 1409 1494 1462 1n
1518 1386 1599 1462 loco
1625 1386 1846 1484 competenti
1865 1389 1961 1481 jurio
1983 1409 2031 1460 er·

402 1508 518 1595 eudem
542 1503 877 1598 nutritur,j1uita
910 1528 1018 1601 quem
1048 1509 1085 1583 dr
1114 1515 1232 1602 pertice
1265 1531 1348 1584 cum
1385 1507 1522 1604 aliquot
1553 1506 1765 1583 candens
1755 1530 1792 1582 ιιι
1828 1506 2032 1582 summitate
2100 1560 2103 1565 ·

279 1614 293 1635 '
403 1629 482 1722 ejus
514 1624 692 1723 praefixis
719 1622 875 1720 ponitur.
953 1624 1035 1699 Post
1063 1648 1201 1702 nonam
1239 1624 1357 1702 statim
1384 1649 1513 1703 omnes
1552 1627 1597 1701 ad
1627 1626 1763 1703 midam
1799 1624 2033 1703 ministratori
2098 1675 2101 1679 »

317 1834 322 1841 ,
401 1752 481 1822 eibis
508 1745 711 1818 indnuntur
738 1744 775 1821 dr
795 1741 985 1834 fanonibus,
1012 1756 1051 1820 vt
1078 1748 1130 1820 ita
1151 1749 1191 1819 od
1212 1769 1322 1820 meum
1334 1758 1446 1840 unere
1473 1745 1754 1869 progrediuntur.
1803 1743 1885 1822 Hoc
1905 1759 2032 1821 autem

404 1863 531 1940 ordine
557 1862 642 1936 iiiuc
672 1861 888 1957 proceditur.
939 1863 1102 1940 Primum
1130 1885 1224 1962 aqua
1252 1864 1440 1942 beneditio
1463 1864 1639 1960 prefertur
1659 1837 1801 1939 deinde
1824 1859 2031 1950 timidum,

402 1996 526 2059 minen
551 1950 663 2057 irne'
651 2000 757 2073 igne,
791 1993 833 2058 vt
861 2004 978 2058 nouus
1003 1983 1100 2079 ignis
1124 1983 1311 2080 postquam
1345 1973 1532 2081 consecretur
1558 1981 1683 2067 fuerit,
1727 1985 1767 2060 dr
1792 1984 1968 2079 aspergetur
1990 1982 2032 2060 dt

308 2153 310 2157 v
402 2101 580 2194 horninur.
636 2097 762 2176 Postea
788 2107 885 2187 cius,
927 2101 1072 2197 posthoc
1095 2101 1264 2195 'sacerdos
1286 2105 1355 2178 ribo
1379 2105 1422 2192 δ’
1438 2106 1518 2205 stete
1541 2100 1711 2186 indutus,
1750 2101 1880 2199 quippe
1906 2100 2033 2195 ignem

290 2217 313 2299 ,’
402 2219 677 2305 beneditione,
718 2219 755 2294 de
779 2216 879 2293 hunc
903 2221 1014 2296 ceteri
1042 2225 1122 2297 eibis
1152 2222 1195 2308 δ’
1221 2219 1392 2314 smerdius
1420 2226 1531 2298 indidi
1596 2219 1741 2299 Deinde
1755 2228 1876 2316 priores
1907 2219 2033 2295 secun-

403 2341 492 2418 dum
513 2337 679 2415 ordinem
699 2333 800 2411 suum
825 2334 1011 2424 secuntur,
1033 2351 1225 2415 cantantes
1243 2340 1280 2413 in
1297 2353 1422 2439 aperte
1430 2338 1589 2438 strnmiffe
1608 2350 1710 2416 iumen
1731 2363 1802 2415 uere
1820 2338 1902 2436 pini.
1923 2337 2032 2437 quin·

402 2457 667 2559 quageirmnm
711 2454 838 2528 addite
871 2454 896 2530 ss
925 2479 1017 2554 opus
1050 2458 1101 2534 est
1128 2457 1211 2554 psat.
1240 2459 1333 2535 Deus
1363 2466 1397 2534 ier
1428 2465 1557 2534 medere.
1616 2456 1757 2534 oracio.
1783 2460 1920 2535 Domine
1953 2459 2030 2530 dore

399 2589 490 2676 peter
511 2584 695 2672 uunipetens
722 2576 834 2648 remedi
855 2597 913 2671 ⁴suu
935 2579 1036 2650 iumen
1067 2573 1249 2671 indeficiens.
1313 2577 1478 2653 Proditie
1506 2589 1630 2652 autem
1665 2575 1794 2669 ordine
1817 2596 1875 2672 prr
1899 2577 2032 2650 eudon

402 2695 548 2789 recusum
572 2691 741 2790 proceffio
765 2692 865 2781 redit,
885 2693 922 2766 in
953 2693 1104 2771 chorum
1134 2699 1317 2773 cantando
1335 2697 1507 2794 psalmes,
1534 2696 1682 2789 Miserere
1704 2705 1763 2771 mei
1786 2698 1858 2770 does
1881 2695 2032 2788 minere.
2089 2687 2091 2691 ’

402 2815 452 2914 ps.
476 2816 567 2890 Deus
591 2811 783 2909 neferretur,
824 2810 872 2908 ps.
900 2812 991 2884 Deus
1024 2821 1057 2888 in
1080 2816 1286 2907 adjuterium,
1333 2815 1382 2913 ps.
1411 2813 1468 2892 Ar
1508 2817 1661 2890 deminum
1687 2817 1946 2907 errmtsibuiorer
1977 2848 2031 2870 --

403 2956 488 3013 cum
510 2930 679 3028 reliquis,
717 2927 782 3004 nin
811 2931 908 3025 quod
935 2928 995 3004 iile
1021 2940 1072 3027 qui
1097 2940 1198 3009 benere
1224 2937 1342 3030 prefert
1371 2959 1416 3010 ea
1439 2934 1521 3036 vioe
1540 2956 1671 3007 omnes
1697 2933 1891 3006 antecedit
1953 2930 2031 3009 Sed
2070 2989 2098 3001 ‚.

289 3084 292 3090 ¹
393 3051 650 3150 ¹enusquisque
689 3071 779 3124 mox
817 3061 858 3126 vt
892 3053 1044 3122 niseum
1070 3046 1194 3125 eduum
1233 3052 1404 3149 ingreisus
1439 3050 1548 3126 fuerit
1584 3074 1607 3125 a
1644 3050 1839 3147 psalmodia
1876 3049 2030 3129 ceiiabite
2124 3084 2132 3093 ·

402 3171 521 3248 Debet
545 3179 670 3244 autern
693 3171 831 3254 iuuenis,
856 3166 903 3240 ad
929 3164 1033 3262 cnjus
1055 3166 1244 3250 introitum
1272 3176 1319 3250 ad
1342 3173 1536 3249 notiurnos
1555 3168 1646 3263 scito
1670 3167 1807 3244 dimitti
1826 3166 1924 3255 solet,
1948 3168 2031 3247 alba

402 3289 555 3369 indutus
587 3293 736 3363 binum
753 3299 831 3361 'one
859 3309 928 3363 unu
953 3291 1065 3361 iumine
1085 3303 1230 3386 putem,
1272 3289 1360 3370 etii
1390 3288 1482 3364 forte
1509 3291 1670 3384 precedam
1699 3293 1799 3363 iumen
1828 3288 2031 3381 enituerint
2116 3314 2120 3319 ·

403 3410 477 3486 tine
505 3428 608 3482 mora
636 3403 772 3508 abisto
793 3405 1023 3480 accendatur.
1099 3409 1250 3487 Ministri
1279 3410 1429 3508 quilibet
1455 3406 1579 3482 altaris
1600 3405 1652 3481 ,io
1682 3405 1813 3501 nnnori
1839 3405 1952 3483 chore
1972 3404 2039 3482 di·¹

403 3537 551 3607 uertunt
576 3536 771 3601 conuentu.
832 3524 897 3623 Ipse
920 3527 968 3599 dir
991 3525 1060 3599 rite
1084 3533 1184 3602 iueun
1203 3535 1235 3602 iu
1255 3536 1374 3624 pertice
1392 3537 1540 3625 portetur
1563 3550 1583 3598 e
1605 3525 1721 3621 custode
1746 3523 1857 3618 eecbsse
1881 3531 2034 3623 osque-dn

398 3651 632 3748 presbiterium:
671 3643 709 3718 in
728 3644 930 3739 pereseeueo
958 3644 1085 3719 Priore:
1127 3656 1160 3722 ire
1177 3649 1307 3743 subdote
1329 3648 1448 3744 struite.
1469 3669 1495 3718 e⁴
1514 3647 1620 3718 denne
1651 3647 1756 3717 abbeie
1788 3642 1846 3722 vel
1876 3645 1939 3721 ab·
1955 3642 2030 3720 alio

262 3864 265 3870 ⁷
393 3769 550 3867 secerdote
571 3765 788 3837 ebdemoderie.
837 3762 913 3836 Sed
936 3761 974 3835 in
997 3757 1053 3837 beo
1078 3767 1126 3841 die
1153 3789 1239 3841 mere
1264 3763 1325 3841 iila
1349 3775 1414 3841 trie
1437 3770 1606 3841 irerrieosio¹
1623 3773 1708 3845 ante
1732 3759 1845 3837 altare
1867 3762 1947 3839 sunt
1967 3785 2030 3839 ac·

403 3883 610 3969 condenda,
636 3890 670 3958 in
682 3882 839 3979 persistere
863 3887 940 3968 due,
964 3881 1147 3978 in'strbbere
1172 3909 1278 3960 unum.
1331 3886 1379 3964 Vt
1402 3896 1526 3958 autern
1552 3883 1597 3957 ad
1614 3881 1720 3956 istum
1743 3883 1792 3958 de
1814 3905 1887 3978 quo
1910 3883 2029 3978 agitur

402 4005 503 4081 diem
528 4003 697 4084 redeam,
739 4021 823 4074 curn
850 4001 1015 4076 venerint
1039 4002 1075 4078 in
1101 4001 1252 4079 chorum
1275 4011 1490 4102 sempb'emiur
1506 4001 1618 4095 sume.
1683 4000 1832 4077 Pulsatis
1857 4002 2029 4079 omnibus

292 4208 295 4217 ¹
402 4120 510 4218 tignis
539 4133 707 4195 cantatur
731 4117 832 4193 miffa
852 4116 981 4216 fusior,
1020 4132 1143 4196 tamen
1175 4144 1318 4216 nasove
1352 4143 1492 4195 onoma
1524 4143 1566 4196 uu
1601 4124 1804 4195 excolare(
1839 4120 2029 4197 Diaconos

333 4326 337 4336 ,
401 4246 568 4317 donnica
591 4235 755 4320 vestitur,
790 4235 1029 4311 subdiaconus
1054 4247 1178 4326 tunice,
1209 4243 1246 4317 dr
1270 4251 1374 4338 cappis
1396 4249 1446 4335 qui
1466 4242 1612 4333 giedueie
1637 4251 1795 4313 cantant.
1840 4241 1937 4334 Kyrie
1958 4224 2029 4316 eiri-

392 4361 470 4458 βε,
495 4359 785 4449 Senomagos
810 4357 858 4446 dei
880 4350 969 4429 ficut
994 4357 1032 4430 in
1063 4358 1222 4456 qualibet
1248 4358 1432 4436 dominica
1456 4368 1656 4434 cantantur.
1714 4359 1888 4432 Seruiiues
1915 4356 2028 4449 urbsse

401 4480 441 4556 in
465 4477 577 4554 choro
604 4472 679 4570 jam
712 4472 827 4550 vestiti
852 4476 1061 4569 expediant,
1111 4478 1230 4552 donec
1253 4479 1330 4575 post
1353 4477 1490 4553 miiiam
1517 4502 1585 4550 mm
1611 4483 1721 4552 iuruine
1753 4480 1795 4564 θ’
1820 4470 1933 4574 interfit
1956 4501 2060 4567 cer·⁴

397 4618 458 4697 pus
490 4601 671 4670 duuinisum
705 4595 759 4665 ubi
783 4593 997 4667 ruendendum
1021 4596 1065 4689 est
1091 4601 1271 4693 precedunt.
1345 4597 1426 4687 Post
1449 4597 1581 4671 ieiium
1606 4597 1860 4690 euuangelium
1886 4600 1961 4671 iiber
1985 4598 2027 4673 et
2081 4640 2088 4648 -

401 4719 588 4816 osreiesrduer
609 4711 773 4807 fioribus
805 4734 865 4786 uon
888 4707 1046 4806 difforme.
1124 4719 1214 4792 Seius
1239 4717 1337 4793 Prior
1361 4727 1425 4793 tres
1450 4704 1562 4812 iustus
1587 4712 1696 4811 effert,
1734 4725 1890 4792 meursius
1921 4698 2028 4792 dunen

1917 4841 2027 4935 W·
